%YAML 1.1
%TAG !u! tag:unity3d.com,2011:
--- !u!1 &980414687324764316
GameObject:
  m_ObjectHideFlags: 0
  m_CorrespondingSourceObject: {fileID: 0}
  m_PrefabInstance: {fileID: 0}
  m_PrefabAsset: {fileID: 0}
  serializedVersion: 6
  m_Component:
  - component: {fileID: 980414687324764315}
  - component: {fileID: 980414687324764314}
  - component: {fileID: 4275521419695183696}
  m_Layer: 0
  m_Name: Cardinal
  m_TagString: Untagged
  m_Icon: {fileID: 0}
  m_NavMeshLayer: 0
  m_StaticEditorFlags: 0
  m_IsActive: 1
--- !u!4 &980414687324764315
Transform:
  m_ObjectHideFlags: 0
  m_CorrespondingSourceObject: {fileID: 0}
  m_PrefabInstance: {fileID: 0}
  m_PrefabAsset: {fileID: 0}
  m_GameObject: {fileID: 980414687324764316}
  m_LocalRotation: {x: -0, y: -0, z: -0, w: 1}
  m_LocalPosition: {x: 0, y: 0, z: 0}
  m_LocalScale: {x: 1, y: 1, z: 1}
  m_Children:
  - {fileID: 725528740988104754}
  - {fileID: 725528740447417488}
  - {fileID: 725528740936356035}
  - {fileID: 725528742000715666}
  m_Father: {fileID: 0}
  m_RootOrder: 0
  m_LocalEulerAnglesHint: {x: 0, y: 0, z: 0}
--- !u!205 &980414687324764314
LODGroup:
  m_ObjectHideFlags: 0
  m_CorrespondingSourceObject: {fileID: 0}
  m_PrefabInstance: {fileID: 0}
  m_PrefabAsset: {fileID: 0}
  m_GameObject: {fileID: 980414687324764316}
  serializedVersion: 2
  m_LocalReferencePoint: {x: 0.00000011920929, y: 0.8453514, z: -0.25043893}
  m_Size: 1.9079223
  m_FadeMode: 0
  m_AnimateCrossFading: 0
  m_LastLODIsBillboard: 0
  m_LODs:
  - screenRelativeHeight: 0.95
    fadeTransitionWidth: 0
    renderers:
    - renderer: {fileID: 7650821034425972397}
  - screenRelativeHeight: 0.7
    fadeTransitionWidth: 0
    renderers:
    - renderer: {fileID: 7650821032819896847}
  - screenRelativeHeight: 0.35
    fadeTransitionWidth: 0
    renderers:
    - renderer: {fileID: 7650821032868861532}
  - screenRelativeHeight: 0.05
    fadeTransitionWidth: 0
    renderers:
    - renderer: {fileID: 7650821033949962509}
  m_Enabled: 1
--- !u!136 &4275521419695183696
CapsuleCollider:
  m_ObjectHideFlags: 0
  m_CorrespondingSourceObject: {fileID: 0}
  m_PrefabInstance: {fileID: 0}
  m_PrefabAsset: {fileID: 0}
  m_GameObject: {fileID: 980414687324764316}
  m_Material: {fileID: 0}
  m_IsTrigger: 0
  m_Enabled: 1
  m_Radius: 0.6485127
  m_Height: 1.2970254
  m_Direction: 2
  m_Center: {x: 0, y: 0.85732305, z: -0.08438206}
--- !u!1001 &923223555365260256
PrefabInstance:
  m_ObjectHideFlags: 0
  serializedVersion: 2
  m_Modification:
    m_TransformParent: {fileID: 980414687324764315}
    m_Modifications:
    - target: {fileID: 494949992713124818, guid: 233c5edfa7efc054d9ab196b530dcbe4,
        type: 3}
      propertyPath: m_RootOrder
      value: 0
      objectReference: {fileID: 0}
    - target: {fileID: 494949992713124818, guid: 233c5edfa7efc054d9ab196b530dcbe4,
        type: 3}
      propertyPath: m_LocalPosition.x
      value: 0
      objectReference: {fileID: 0}
    - target: {fileID: 494949992713124818, guid: 233c5edfa7efc054d9ab196b530dcbe4,
        type: 3}
      propertyPath: m_LocalPosition.y
      value: 0
      objectReference: {fileID: 0}
    - target: {fileID: 494949992713124818, guid: 233c5edfa7efc054d9ab196b530dcbe4,
        type: 3}
      propertyPath: m_LocalPosition.z
      value: 0
      objectReference: {fileID: 0}
    - target: {fileID: 494949992713124818, guid: 233c5edfa7efc054d9ab196b530dcbe4,
        type: 3}
      propertyPath: m_LocalRotation.w
      value: 1
      objectReference: {fileID: 0}
    - target: {fileID: 494949992713124818, guid: 233c5edfa7efc054d9ab196b530dcbe4,
        type: 3}
      propertyPath: m_LocalRotation.x
      value: -0
      objectReference: {fileID: 0}
    - target: {fileID: 494949992713124818, guid: 233c5edfa7efc054d9ab196b530dcbe4,
        type: 3}
      propertyPath: m_LocalRotation.y
      value: -0
      objectReference: {fileID: 0}
    - target: {fileID: 494949992713124818, guid: 233c5edfa7efc054d9ab196b530dcbe4,
        type: 3}
      propertyPath: m_LocalRotation.z
      value: -0
      objectReference: {fileID: 0}
    - target: {fileID: 494949992713124818, guid: 233c5edfa7efc054d9ab196b530dcbe4,
        type: 3}
      propertyPath: m_LocalEulerAnglesHint.x
      value: 0
      objectReference: {fileID: 0}
    - target: {fileID: 494949992713124818, guid: 233c5edfa7efc054d9ab196b530dcbe4,
        type: 3}
      propertyPath: m_LocalEulerAnglesHint.y
      value: 0
      objectReference: {fileID: 0}
    - target: {fileID: 494949992713124818, guid: 233c5edfa7efc054d9ab196b530dcbe4,
        type: 3}
      propertyPath: m_LocalEulerAnglesHint.z
      value: 0
      objectReference: {fileID: 0}
    - target: {fileID: 978893870694605160, guid: 233c5edfa7efc054d9ab196b530dcbe4,
        type: 3}
      propertyPath: m_Name
      value: Cardinal_LOD0
      objectReference: {fileID: 0}
    m_RemovedComponents: []
  m_SourcePrefab: {fileID: 100100000, guid: 233c5edfa7efc054d9ab196b530dcbe4, type: 3}
--- !u!4 &725528740988104754 stripped
Transform:
  m_CorrespondingSourceObject: {fileID: 494949992713124818, guid: 233c5edfa7efc054d9ab196b530dcbe4,
    type: 3}
  m_PrefabInstance: {fileID: 923223555365260256}
  m_PrefabAsset: {fileID: 0}
--- !u!137 &7650821034425972397 stripped
SkinnedMeshRenderer:
  m_CorrespondingSourceObject: {fileID: 7413734086765329741, guid: 233c5edfa7efc054d9ab196b530dcbe4,
    type: 3}
  m_PrefabInstance: {fileID: 923223555365260256}
  m_PrefabAsset: {fileID: 0}
--- !u!1001 &4367243523112471770
PrefabInstance:
  m_ObjectHideFlags: 0
  serializedVersion: 2
  m_Modification:
    m_TransformParent: {fileID: 980414687324764315}
    m_Modifications:
    - target: {fileID: 3929962781067638858, guid: dd77f6ba81771b64d993be155aaaa5eb,
        type: 3}
      propertyPath: m_RootOrder
      value: 1
      objectReference: {fileID: 0}
    - target: {fileID: 3929962781067638858, guid: dd77f6ba81771b64d993be155aaaa5eb,
        type: 3}
      propertyPath: m_LocalPosition.x
      value: 0
      objectReference: {fileID: 0}
    - target: {fileID: 3929962781067638858, guid: dd77f6ba81771b64d993be155aaaa5eb,
        type: 3}
      propertyPath: m_LocalPosition.y
      value: 0
      objectReference: {fileID: 0}
    - target: {fileID: 3929962781067638858, guid: dd77f6ba81771b64d993be155aaaa5eb,
        type: 3}
      propertyPath: m_LocalPosition.z
      value: 0
      objectReference: {fileID: 0}
    - target: {fileID: 3929962781067638858, guid: dd77f6ba81771b64d993be155aaaa5eb,
        type: 3}
      propertyPath: m_LocalRotation.w
      value: 1
      objectReference: {fileID: 0}
    - target: {fileID: 3929962781067638858, guid: dd77f6ba81771b64d993be155aaaa5eb,
        type: 3}
      propertyPath: m_LocalRotation.x
      value: -0
      objectReference: {fileID: 0}
    - target: {fileID: 3929962781067638858, guid: dd77f6ba81771b64d993be155aaaa5eb,
        type: 3}
      propertyPath: m_LocalRotation.y
      value: -0
      objectReference: {fileID: 0}
    - target: {fileID: 3929962781067638858, guid: dd77f6ba81771b64d993be155aaaa5eb,
        type: 3}
      propertyPath: m_LocalRotation.z
      value: -0
      objectReference: {fileID: 0}
    - target: {fileID: 3929962781067638858, guid: dd77f6ba81771b64d993be155aaaa5eb,
        type: 3}
      propertyPath: m_LocalEulerAnglesHint.x
      value: 0
      objectReference: {fileID: 0}
    - target: {fileID: 3929962781067638858, guid: dd77f6ba81771b64d993be155aaaa5eb,
        type: 3}
      propertyPath: m_LocalEulerAnglesHint.y
      value: 0
      objectReference: {fileID: 0}
    - target: {fileID: 3929962781067638858, guid: dd77f6ba81771b64d993be155aaaa5eb,
        type: 3}
      propertyPath: m_LocalEulerAnglesHint.z
      value: 0
      objectReference: {fileID: 0}
    - target: {fileID: 4450076497632994032, guid: dd77f6ba81771b64d993be155aaaa5eb,
        type: 3}
      propertyPath: m_Name
      value: Cardinal_LOD1
      objectReference: {fileID: 0}
    m_RemovedComponents: []
  m_SourcePrefab: {fileID: 100100000, guid: dd77f6ba81771b64d993be155aaaa5eb, type: 3}
--- !u!4 &725528740447417488 stripped
Transform:
  m_CorrespondingSourceObject: {fileID: 3929962781067638858, guid: dd77f6ba81771b64d993be155aaaa5eb,
    type: 3}
  m_PrefabInstance: {fileID: 4367243523112471770}
  m_PrefabAsset: {fileID: 0}
--- !u!137 &7650821032819896847 stripped
SkinnedMeshRenderer:
  m_CorrespondingSourceObject: {fileID: 6248390345607855829, guid: dd77f6ba81771b64d993be155aaaa5eb,
    type: 3}
  m_PrefabInstance: {fileID: 4367243523112471770}
  m_PrefabAsset: {fileID: 0}
--- !u!1001 &6386669338232108799
PrefabInstance:
  m_ObjectHideFlags: 0
  serializedVersion: 2
  m_Modification:
    m_TransformParent: {fileID: 980414687324764315}
    m_Modifications:
    - target: {fileID: 5959275401463014972, guid: 8b99bf5d7d4f8784bb3e24211d2fcf8b,
        type: 3}
      propertyPath: m_RootOrder
      value: 2
      objectReference: {fileID: 0}
    - target: {fileID: 5959275401463014972, guid: 8b99bf5d7d4f8784bb3e24211d2fcf8b,
        type: 3}
      propertyPath: m_LocalPosition.x
      value: 0
      objectReference: {fileID: 0}
    - target: {fileID: 5959275401463014972, guid: 8b99bf5d7d4f8784bb3e24211d2fcf8b,
        type: 3}
      propertyPath: m_LocalPosition.y
      value: 0
      objectReference: {fileID: 0}
    - target: {fileID: 5959275401463014972, guid: 8b99bf5d7d4f8784bb3e24211d2fcf8b,
        type: 3}
      propertyPath: m_LocalPosition.z
      value: 0
      objectReference: {fileID: 0}
    - target: {fileID: 5959275401463014972, guid: 8b99bf5d7d4f8784bb3e24211d2fcf8b,
        type: 3}
      propertyPath: m_LocalRotation.w
      value: 1
      objectReference: {fileID: 0}
    - target: {fileID: 5959275401463014972, guid: 8b99bf5d7d4f8784bb3e24211d2fcf8b,
        type: 3}
      propertyPath: m_LocalRotation.x
      value: -0
      objectReference: {fileID: 0}
    - target: {fileID: 5959275401463014972, guid: 8b99bf5d7d4f8784bb3e24211d2fcf8b,
        type: 3}
      propertyPath: m_LocalRotation.y
      value: -0
      objectReference: {fileID: 0}
    - target: {fileID: 5959275401463014972, guid: 8b99bf5d7d4f8784bb3e24211d2fcf8b,
        type: 3}
      propertyPath: m_LocalRotation.z
      value: -0
      objectReference: {fileID: 0}
    - target: {fileID: 5959275401463014972, guid: 8b99bf5d7d4f8784bb3e24211d2fcf8b,
        type: 3}
      propertyPath: m_LocalEulerAnglesHint.x
      value: 0
      objectReference: {fileID: 0}
    - target: {fileID: 5959275401463014972, guid: 8b99bf5d7d4f8784bb3e24211d2fcf8b,
        type: 3}
      propertyPath: m_LocalEulerAnglesHint.y
      value: 0
      objectReference: {fileID: 0}
    - target: {fileID: 5959275401463014972, guid: 8b99bf5d7d4f8784bb3e24211d2fcf8b,
        type: 3}
      propertyPath: m_LocalEulerAnglesHint.z
      value: 0
      objectReference: {fileID: 0}
    - target: {fileID: 6483012803926785158, guid: 8b99bf5d7d4f8784bb3e24211d2fcf8b,
        type: 3}
      propertyPath: m_Name
      value: Cardinal_LOD2
      objectReference: {fileID: 0}
    m_RemovedComponents: []
  m_SourcePrefab: {fileID: 100100000, guid: 8b99bf5d7d4f8784bb3e24211d2fcf8b, type: 3}
--- !u!4 &725528740936356035 stripped
Transform:
  m_CorrespondingSourceObject: {fileID: 5959275401463014972, guid: 8b99bf5d7d4f8784bb3e24211d2fcf8b,
    type: 3}
  m_PrefabInstance: {fileID: 6386669338232108799}
  m_PrefabAsset: {fileID: 0}
--- !u!137 &7650821032868861532 stripped
SkinnedMeshRenderer:
  m_CorrespondingSourceObject: {fileID: 3643179952390037667, guid: 8b99bf5d7d4f8784bb3e24211d2fcf8b,
    type: 3}
  m_PrefabInstance: {fileID: 6386669338232108799}
  m_PrefabAsset: {fileID: 0}
--- !u!1001 &7093131831000823815
PrefabInstance:
  m_ObjectHideFlags: 0
  serializedVersion: 2
  m_Modification:
    m_TransformParent: {fileID: 980414687324764315}
    m_Modifications:
    - target: {fileID: 7148784871008650543, guid: 09ba6077922fb274f8343416c21d5a12,
        type: 3}
      propertyPath: m_Name
      value: Cardinal_LOD3
      objectReference: {fileID: 0}
    - target: {fileID: 7529531881043795861, guid: 09ba6077922fb274f8343416c21d5a12,
        type: 3}
      propertyPath: m_RootOrder
      value: 3
      objectReference: {fileID: 0}
    - target: {fileID: 7529531881043795861, guid: 09ba6077922fb274f8343416c21d5a12,
        type: 3}
      propertyPath: m_LocalPosition.x
      value: 0
      objectReference: {fileID: 0}
    - target: {fileID: 7529531881043795861, guid: 09ba6077922fb274f8343416c21d5a12,
        type: 3}
      propertyPath: m_LocalPosition.y
      value: 0
      objectReference: {fileID: 0}
    - target: {fileID: 7529531881043795861, guid: 09ba6077922fb274f8343416c21d5a12,
        type: 3}
      propertyPath: m_LocalPosition.z
      value: 0
      objectReference: {fileID: 0}
    - target: {fileID: 7529531881043795861, guid: 09ba6077922fb274f8343416c21d5a12,
        type: 3}
      propertyPath: m_LocalRotation.w
      value: 1
      objectReference: {fileID: 0}
    - target: {fileID: 7529531881043795861, guid: 09ba6077922fb274f8343416c21d5a12,
        type: 3}
      propertyPath: m_LocalRotation.x
      value: -0
      objectReference: {fileID: 0}
    - target: {fileID: 7529531881043795861, guid: 09ba6077922fb274f8343416c21d5a12,
        type: 3}
      propertyPath: m_LocalRotation.y
      value: -0
      objectReference: {fileID: 0}
    - target: {fileID: 7529531881043795861, guid: 09ba6077922fb274f8343416c21d5a12,
        type: 3}
      propertyPath: m_LocalRotation.z
      value: -0
      objectReference: {fileID: 0}
    - target: {fileID: 7529531881043795861, guid: 09ba6077922fb274f8343416c21d5a12,
        type: 3}
      propertyPath: m_LocalEulerAnglesHint.x
      value: 0
      objectReference: {fileID: 0}
    - target: {fileID: 7529531881043795861, guid: 09ba6077922fb274f8343416c21d5a12,
        type: 3}
      propertyPath: m_LocalEulerAnglesHint.y
      value: 0
      objectReference: {fileID: 0}
    - target: {fileID: 7529531881043795861, guid: 09ba6077922fb274f8343416c21d5a12,
        type: 3}
      propertyPath: m_LocalEulerAnglesHint.z
      value: 0
      objectReference: {fileID: 0}
    m_RemovedComponents: []
  m_SourcePrefab: {fileID: 100100000, guid: 09ba6077922fb274f8343416c21d5a12, type: 3}
--- !u!4 &725528742000715666 stripped
Transform:
  m_CorrespondingSourceObject: {fileID: 7529531881043795861, guid: 09ba6077922fb274f8343416c21d5a12,
    type: 3}
  m_PrefabInstance: {fileID: 7093131831000823815}
  m_PrefabAsset: {fileID: 0}
--- !u!137 &7650821033949962509 stripped
SkinnedMeshRenderer:
  m_CorrespondingSourceObject: {fileID: 595302947433044234, guid: 09ba6077922fb274f8343416c21d5a12,
    type: 3}
  m_PrefabInstance: {fileID: 7093131831000823815}
  m_PrefabAsset: {fileID: 0}
