%YAML 1.1
%TAG !u! tag:unity3d.com,2011:
--- !u!1 &7251165338930933221
GameObject:
  m_ObjectHideFlags: 0
  m_CorrespondingSourceObject: {fileID: 0}
  m_PrefabInstance: {fileID: 0}
  m_PrefabAsset: {fileID: 0}
  serializedVersion: 6
  m_Component:
  - component: {fileID: 7251165338930933220}
  - component: {fileID: 7251165338930933223}
  - component: {fileID: 8968047310026411167}
  m_Layer: 0
  m_Name: Kookaburra
  m_TagString: Untagged
  m_Icon: {fileID: 0}
  m_NavMeshLayer: 0
  m_StaticEditorFlags: 0
  m_IsActive: 1
--- !u!4 &7251165338930933220
Transform:
  m_ObjectHideFlags: 0
  m_CorrespondingSourceObject: {fileID: 0}
  m_PrefabInstance: {fileID: 0}
  m_PrefabAsset: {fileID: 0}
  m_GameObject: {fileID: 7251165338930933221}
  m_LocalRotation: {x: -0, y: -0, z: -0, w: 1}
  m_LocalPosition: {x: 0, y: 0, z: 0}
  m_LocalScale: {x: 1, y: 1, z: 1}
  m_Children:
  - {fileID: 7146061456363719672}
  - {fileID: 7146061454950330502}
  - {fileID: 7146061454574644700}
  - {fileID: 7146061455378787271}
  m_Father: {fileID: 0}
  m_RootOrder: 0
  m_LocalEulerAnglesHint: {x: 0, y: 0, z: 0}
--- !u!205 &7251165338930933223
LODGroup:
  m_ObjectHideFlags: 0
  m_CorrespondingSourceObject: {fileID: 0}
  m_PrefabInstance: {fileID: 0}
  m_PrefabAsset: {fileID: 0}
  m_GameObject: {fileID: 7251165338930933221}
  serializedVersion: 2
  m_LocalReferencePoint: {x: 0, y: 0.8714705, z: 0.01129055}
  m_Size: 1.7429413
  m_FadeMode: 0
  m_AnimateCrossFading: 0
  m_LastLODIsBillboard: 0
  m_LODs:
  - screenRelativeHeight: 0.95
    fadeTransitionWidth: 0
    renderers:
    - renderer: {fileID: 222748627566513511}
  - screenRelativeHeight: 0.7
    fadeTransitionWidth: 0
    renderers:
    - renderer: {fileID: 222748626295305753}
  - screenRelativeHeight: 0.35
    fadeTransitionWidth: 0
    renderers:
    - renderer: {fileID: 222748626738031427}
  - screenRelativeHeight: 0.05
    fadeTransitionWidth: 0
    renderers:
    - renderer: {fileID: 222748626472136024}
  m_Enabled: 1
--- !u!136 &8968047310026411167
CapsuleCollider:
  m_ObjectHideFlags: 0
  m_CorrespondingSourceObject: {fileID: 0}
  m_PrefabInstance: {fileID: 0}
  m_PrefabAsset: {fileID: 0}
  m_GameObject: {fileID: 7251165338930933221}
  m_Material: {fileID: 0}
  m_IsTrigger: 0
  m_Enabled: 1
  m_Radius: 0.45836508
  m_Height: 1.2331557
  m_Direction: 1
  m_Center: {x: 0, y: 0.7744093, z: 0.041634917}
--- !u!1001 &798811970818690505
PrefabInstance:
  m_ObjectHideFlags: 0
  serializedVersion: 2
  m_Modification:
    m_TransformParent: {fileID: 7251165338930933220}
    m_Modifications:
    - target: {fileID: 7166857470905083893, guid: 1e35b95a4bc8b5c438bca08d7da9044a,
        type: 3}
      propertyPath: m_Name
      value: Kookaburra_LOD1
      objectReference: {fileID: 0}
    - target: {fileID: 7511470131341868367, guid: 1e35b95a4bc8b5c438bca08d7da9044a,
        type: 3}
      propertyPath: m_RootOrder
      value: 1
      objectReference: {fileID: 0}
    - target: {fileID: 7511470131341868367, guid: 1e35b95a4bc8b5c438bca08d7da9044a,
        type: 3}
      propertyPath: m_LocalPosition.x
      value: 0
      objectReference: {fileID: 0}
    - target: {fileID: 7511470131341868367, guid: 1e35b95a4bc8b5c438bca08d7da9044a,
        type: 3}
      propertyPath: m_LocalPosition.y
      value: 0
      objectReference: {fileID: 0}
    - target: {fileID: 7511470131341868367, guid: 1e35b95a4bc8b5c438bca08d7da9044a,
        type: 3}
      propertyPath: m_LocalPosition.z
      value: 0
      objectReference: {fileID: 0}
    - target: {fileID: 7511470131341868367, guid: 1e35b95a4bc8b5c438bca08d7da9044a,
        type: 3}
      propertyPath: m_LocalRotation.w
      value: 1
      objectReference: {fileID: 0}
    - target: {fileID: 7511470131341868367, guid: 1e35b95a4bc8b5c438bca08d7da9044a,
        type: 3}
      propertyPath: m_LocalRotation.x
      value: -0
      objectReference: {fileID: 0}
    - target: {fileID: 7511470131341868367, guid: 1e35b95a4bc8b5c438bca08d7da9044a,
        type: 3}
      propertyPath: m_LocalRotation.y
      value: -0
      objectReference: {fileID: 0}
    - target: {fileID: 7511470131341868367, guid: 1e35b95a4bc8b5c438bca08d7da9044a,
        type: 3}
      propertyPath: m_LocalRotation.z
      value: -0
      objectReference: {fileID: 0}
    - target: {fileID: 7511470131341868367, guid: 1e35b95a4bc8b5c438bca08d7da9044a,
        type: 3}
      propertyPath: m_LocalEulerAnglesHint.x
      value: 0
      objectReference: {fileID: 0}
    - target: {fileID: 7511470131341868367, guid: 1e35b95a4bc8b5c438bca08d7da9044a,
        type: 3}
      propertyPath: m_LocalEulerAnglesHint.y
      value: 0
      objectReference: {fileID: 0}
    - target: {fileID: 7511470131341868367, guid: 1e35b95a4bc8b5c438bca08d7da9044a,
        type: 3}
      propertyPath: m_LocalEulerAnglesHint.z
      value: 0
      objectReference: {fileID: 0}
    m_RemovedComponents: []
  m_SourcePrefab: {fileID: 100100000, guid: 1e35b95a4bc8b5c438bca08d7da9044a, type: 3}
--- !u!4 &7146061454950330502 stripped
Transform:
  m_CorrespondingSourceObject: {fileID: 7511470131341868367, guid: 1e35b95a4bc8b5c438bca08d7da9044a,
    type: 3}
  m_PrefabInstance: {fileID: 798811970818690505}
  m_PrefabAsset: {fileID: 0}
--- !u!137 &222748626295305753 stripped
SkinnedMeshRenderer:
  m_CorrespondingSourceObject: {fileID: 577217161986309072, guid: 1e35b95a4bc8b5c438bca08d7da9044a,
    type: 3}
  m_PrefabInstance: {fileID: 798811970818690505}
  m_PrefabAsset: {fileID: 0}
--- !u!1001 &3788480823981563270
PrefabInstance:
  m_ObjectHideFlags: 0
  serializedVersion: 2
  m_Modification:
    m_TransformParent: {fileID: 7251165338930933220}
    m_Modifications:
    - target: {fileID: 6320954036057321562, guid: 266ef5839a830f54a852826f8cddc9bb,
        type: 3}
      propertyPath: m_RootOrder
      value: 2
      objectReference: {fileID: 0}
    - target: {fileID: 6320954036057321562, guid: 266ef5839a830f54a852826f8cddc9bb,
        type: 3}
      propertyPath: m_LocalPosition.x
      value: 0
      objectReference: {fileID: 0}
    - target: {fileID: 6320954036057321562, guid: 266ef5839a830f54a852826f8cddc9bb,
        type: 3}
      propertyPath: m_LocalPosition.y
      value: 0
      objectReference: {fileID: 0}
    - target: {fileID: 6320954036057321562, guid: 266ef5839a830f54a852826f8cddc9bb,
        type: 3}
      propertyPath: m_LocalPosition.z
      value: 0
      objectReference: {fileID: 0}
    - target: {fileID: 6320954036057321562, guid: 266ef5839a830f54a852826f8cddc9bb,
        type: 3}
      propertyPath: m_LocalRotation.w
      value: 1
      objectReference: {fileID: 0}
    - target: {fileID: 6320954036057321562, guid: 266ef5839a830f54a852826f8cddc9bb,
        type: 3}
      propertyPath: m_LocalRotation.x
      value: -0
      objectReference: {fileID: 0}
    - target: {fileID: 6320954036057321562, guid: 266ef5839a830f54a852826f8cddc9bb,
        type: 3}
      propertyPath: m_LocalRotation.y
      value: -0
      objectReference: {fileID: 0}
    - target: {fileID: 6320954036057321562, guid: 266ef5839a830f54a852826f8cddc9bb,
        type: 3}
      propertyPath: m_LocalRotation.z
      value: -0
      objectReference: {fileID: 0}
    - target: {fileID: 6320954036057321562, guid: 266ef5839a830f54a852826f8cddc9bb,
        type: 3}
      propertyPath: m_LocalEulerAnglesHint.x
      value: 0
      objectReference: {fileID: 0}
    - target: {fileID: 6320954036057321562, guid: 266ef5839a830f54a852826f8cddc9bb,
        type: 3}
      propertyPath: m_LocalEulerAnglesHint.y
      value: 0
      objectReference: {fileID: 0}
    - target: {fileID: 6320954036057321562, guid: 266ef5839a830f54a852826f8cddc9bb,
        type: 3}
      propertyPath: m_LocalEulerAnglesHint.z
      value: 0
      objectReference: {fileID: 0}
    - target: {fileID: 6697796680289676000, guid: 266ef5839a830f54a852826f8cddc9bb,
        type: 3}
      propertyPath: m_Name
      value: Kookaburra_LOD2
      objectReference: {fileID: 0}
    m_RemovedComponents: []
  m_SourcePrefab: {fileID: 100100000, guid: 266ef5839a830f54a852826f8cddc9bb, type: 3}
--- !u!4 &7146061454574644700 stripped
Transform:
  m_CorrespondingSourceObject: {fileID: 6320954036057321562, guid: 266ef5839a830f54a852826f8cddc9bb,
    type: 3}
  m_PrefabInstance: {fileID: 3788480823981563270}
  m_PrefabAsset: {fileID: 0}
--- !u!137 &222748626738031427 stripped
SkinnedMeshRenderer:
  m_CorrespondingSourceObject: {fileID: 4000392250631780037, guid: 266ef5839a830f54a852826f8cddc9bb,
    type: 3}
  m_PrefabInstance: {fileID: 3788480823981563270}
  m_PrefabAsset: {fileID: 0}
--- !u!1001 &4435641121280840875
PrefabInstance:
  m_ObjectHideFlags: 0
  serializedVersion: 2
  m_Modification:
    m_TransformParent: {fileID: 7251165338930933220}
    m_Modifications:
    - target: {fileID: 6192073169748395497, guid: 9cc7b87fc3d7f11498641000ce577bc5,
        type: 3}
      propertyPath: m_Name
      value: Kookaburra_LOD0
      objectReference: {fileID: 0}
    - target: {fileID: 6819990325460000595, guid: 9cc7b87fc3d7f11498641000ce577bc5,
        type: 3}
      propertyPath: m_RootOrder
      value: 0
      objectReference: {fileID: 0}
    - target: {fileID: 6819990325460000595, guid: 9cc7b87fc3d7f11498641000ce577bc5,
        type: 3}
      propertyPath: m_LocalPosition.x
      value: 0
      objectReference: {fileID: 0}
    - target: {fileID: 6819990325460000595, guid: 9cc7b87fc3d7f11498641000ce577bc5,
        type: 3}
      propertyPath: m_LocalPosition.y
      value: 0
      objectReference: {fileID: 0}
    - target: {fileID: 6819990325460000595, guid: 9cc7b87fc3d7f11498641000ce577bc5,
        type: 3}
      propertyPath: m_LocalPosition.z
      value: 0
      objectReference: {fileID: 0}
    - target: {fileID: 6819990325460000595, guid: 9cc7b87fc3d7f11498641000ce577bc5,
        type: 3}
      propertyPath: m_LocalRotation.w
      value: 1
      objectReference: {fileID: 0}
    - target: {fileID: 6819990325460000595, guid: 9cc7b87fc3d7f11498641000ce577bc5,
        type: 3}
      propertyPath: m_LocalRotation.x
      value: -0
      objectReference: {fileID: 0}
    - target: {fileID: 6819990325460000595, guid: 9cc7b87fc3d7f11498641000ce577bc5,
        type: 3}
      propertyPath: m_LocalRotation.y
      value: -0
      objectReference: {fileID: 0}
    - target: {fileID: 6819990325460000595, guid: 9cc7b87fc3d7f11498641000ce577bc5,
        type: 3}
      propertyPath: m_LocalRotation.z
      value: -0
      objectReference: {fileID: 0}
    - target: {fileID: 6819990325460000595, guid: 9cc7b87fc3d7f11498641000ce577bc5,
        type: 3}
      propertyPath: m_LocalEulerAnglesHint.x
      value: 0
      objectReference: {fileID: 0}
    - target: {fileID: 6819990325460000595, guid: 9cc7b87fc3d7f11498641000ce577bc5,
        type: 3}
      propertyPath: m_LocalEulerAnglesHint.y
      value: 0
      objectReference: {fileID: 0}
    - target: {fileID: 6819990325460000595, guid: 9cc7b87fc3d7f11498641000ce577bc5,
        type: 3}
      propertyPath: m_LocalEulerAnglesHint.z
      value: 0
      objectReference: {fileID: 0}
    m_RemovedComponents: []
  m_SourcePrefab: {fileID: 100100000, guid: 9cc7b87fc3d7f11498641000ce577bc5, type: 3}
--- !u!4 &7146061456363719672 stripped
Transform:
  m_CorrespondingSourceObject: {fileID: 6819990325460000595, guid: 9cc7b87fc3d7f11498641000ce577bc5,
    type: 3}
  m_PrefabInstance: {fileID: 4435641121280840875}
  m_PrefabAsset: {fileID: 0}
--- !u!137 &222748627566513511 stripped
SkinnedMeshRenderer:
  m_CorrespondingSourceObject: {fileID: 4510861537090574796, guid: 9cc7b87fc3d7f11498641000ce577bc5,
    type: 3}
  m_PrefabInstance: {fileID: 4435641121280840875}
  m_PrefabAsset: {fileID: 0}
--- !u!1001 &9171859941067174402
PrefabInstance:
  m_ObjectHideFlags: 0
  serializedVersion: 2
  m_Modification:
    m_TransformParent: {fileID: 7251165338930933220}
    m_Modifications:
    - target: {fileID: 1668803157061747583, guid: 5d1a3cbdabe66c54fbebe4d3810187bc,
        type: 3}
      propertyPath: m_Name
      value: Kookaburra_LOD3
      objectReference: {fileID: 0}
    - target: {fileID: 2045504003210942917, guid: 5d1a3cbdabe66c54fbebe4d3810187bc,
        type: 3}
      propertyPath: m_RootOrder
      value: 3
      objectReference: {fileID: 0}
    - target: {fileID: 2045504003210942917, guid: 5d1a3cbdabe66c54fbebe4d3810187bc,
        type: 3}
      propertyPath: m_LocalPosition.x
      value: 0
      objectReference: {fileID: 0}
    - target: {fileID: 2045504003210942917, guid: 5d1a3cbdabe66c54fbebe4d3810187bc,
        type: 3}
      propertyPath: m_LocalPosition.y
      value: 0
      objectReference: {fileID: 0}
    - target: {fileID: 2045504003210942917, guid: 5d1a3cbdabe66c54fbebe4d3810187bc,
        type: 3}
      propertyPath: m_LocalPosition.z
      value: 0
      objectReference: {fileID: 0}
    - target: {fileID: 2045504003210942917, guid: 5d1a3cbdabe66c54fbebe4d3810187bc,
        type: 3}
      propertyPath: m_LocalRotation.w
      value: 1
      objectReference: {fileID: 0}
    - target: {fileID: 2045504003210942917, guid: 5d1a3cbdabe66c54fbebe4d3810187bc,
        type: 3}
      propertyPath: m_LocalRotation.x
      value: -0
      objectReference: {fileID: 0}
    - target: {fileID: 2045504003210942917, guid: 5d1a3cbdabe66c54fbebe4d3810187bc,
        type: 3}
      propertyPath: m_LocalRotation.y
      value: -0
      objectReference: {fileID: 0}
    - target: {fileID: 2045504003210942917, guid: 5d1a3cbdabe66c54fbebe4d3810187bc,
        type: 3}
      propertyPath: m_LocalRotation.z
      value: -0
      objectReference: {fileID: 0}
    - target: {fileID: 2045504003210942917, guid: 5d1a3cbdabe66c54fbebe4d3810187bc,
        type: 3}
      propertyPath: m_LocalEulerAnglesHint.x
      value: 0
      objectReference: {fileID: 0}
    - target: {fileID: 2045504003210942917, guid: 5d1a3cbdabe66c54fbebe4d3810187bc,
        type: 3}
      propertyPath: m_LocalEulerAnglesHint.y
      value: 0
      objectReference: {fileID: 0}
    - target: {fileID: 2045504003210942917, guid: 5d1a3cbdabe66c54fbebe4d3810187bc,
        type: 3}
      propertyPath: m_LocalEulerAnglesHint.z
      value: 0
      objectReference: {fileID: 0}
    m_RemovedComponents: []
  m_SourcePrefab: {fileID: 100100000, guid: 5d1a3cbdabe66c54fbebe4d3810187bc, type: 3}
--- !u!4 &7146061455378787271 stripped
Transform:
  m_CorrespondingSourceObject: {fileID: 2045504003210942917, guid: 5d1a3cbdabe66c54fbebe4d3810187bc,
    type: 3}
  m_PrefabInstance: {fileID: 9171859941067174402}
  m_PrefabAsset: {fileID: 0}
--- !u!137 &222748626472136024 stripped
SkinnedMeshRenderer:
  m_CorrespondingSourceObject: {fileID: 8962060692633050970, guid: 5d1a3cbdabe66c54fbebe4d3810187bc,
    type: 3}
  m_PrefabInstance: {fileID: 9171859941067174402}
  m_PrefabAsset: {fileID: 0}
