%YAML 1.1
%TAG !u! tag:unity3d.com,2011:
--- !u!1 &5796021424774054759
GameObject:
  m_ObjectHideFlags: 0
  m_CorrespondingSourceObject: {fileID: 0}
  m_PrefabInstance: {fileID: 0}
  m_PrefabAsset: {fileID: 0}
  serializedVersion: 6
  m_Component:
  - component: {fileID: 5796021424774054752}
  - component: {fileID: 5796021424774054753}
  - component: {fileID: 6481183921293456866}
  m_Layer: 0
  m_Name: Macaw
  m_TagString: Untagged
  m_Icon: {fileID: 0}
  m_NavMeshLayer: 0
  m_StaticEditorFlags: 0
  m_IsActive: 1
--- !u!4 &5796021424774054752
Transform:
  m_ObjectHideFlags: 0
  m_CorrespondingSourceObject: {fileID: 0}
  m_PrefabInstance: {fileID: 0}
  m_PrefabAsset: {fileID: 0}
  m_GameObject: {fileID: 5796021424774054759}
  m_LocalRotation: {x: -0, y: -0, z: -0, w: 1}
  m_LocalPosition: {x: 0, y: 0, z: 0}
  m_LocalScale: {x: 1, y: 1, z: 1}
  m_Children:
  - {fileID: 6333507740361449515}
  - {fileID: 6333507740263573424}
  - {fileID: 6333507740110947328}
  - {fileID: 6333507740742657490}
  m_Father: {fileID: 0}
  m_RootOrder: 0
  m_LocalEulerAnglesHint: {x: 0, y: 0, z: 0}
--- !u!205 &5796021424774054753
LODGroup:
  m_ObjectHideFlags: 0
  m_CorrespondingSourceObject: {fileID: 0}
  m_PrefabInstance: {fileID: 0}
  m_PrefabAsset: {fileID: 0}
  m_GameObject: {fileID: 5796021424774054759}
  serializedVersion: 2
  m_LocalReferencePoint: {x: 0, y: 0.9891614, z: -0.25655168}
  m_Size: 2.1119246
  m_FadeMode: 0
  m_AnimateCrossFading: 0
  m_LastLODIsBillboard: 0
  m_LODs:
  - screenRelativeHeight: 0.95
    fadeTransitionWidth: 0
    renderers:
    - renderer: {fileID: 4024412677023147700}
  - screenRelativeHeight: 0.7
    fadeTransitionWidth: 0
    renderers:
    - renderer: {fileID: 4024412677055815983}
  - screenRelativeHeight: 0.35
    fadeTransitionWidth: 0
    renderers:
    - renderer: {fileID: 4024412675661709983}
  - screenRelativeHeight: 0.05
    fadeTransitionWidth: 0
    renderers:
    - renderer: {fileID: 4024412677110653773}
  m_Enabled: 1
--- !u!136 &6481183921293456866
CapsuleCollider:
  m_ObjectHideFlags: 0
  m_CorrespondingSourceObject: {fileID: 0}
  m_PrefabInstance: {fileID: 0}
  m_PrefabAsset: {fileID: 0}
  m_GameObject: {fileID: 5796021424774054759}
  m_Material: {fileID: 0}
  m_IsTrigger: 0
  m_Enabled: 1
  m_Radius: 0.5582888
  m_Height: 1.5828888
  m_Direction: 1
  m_Center: {x: 0, y: 0.99923766, z: 0.14155865}
--- !u!1001 &3894921355013691400
PrefabInstance:
  m_ObjectHideFlags: 0
  serializedVersion: 2
  m_Modification:
    m_TransformParent: {fileID: 5796021424774054752}
    m_Modifications:
    - target: {fileID: 7055075655079935450, guid: 376b6bc1da85e7a46899e118e2b83bad,
        type: 3}
      propertyPath: m_RootOrder
      value: 3
      objectReference: {fileID: 0}
    - target: {fileID: 7055075655079935450, guid: 376b6bc1da85e7a46899e118e2b83bad,
        type: 3}
      propertyPath: m_LocalPosition.x
      value: 0
      objectReference: {fileID: 0}
    - target: {fileID: 7055075655079935450, guid: 376b6bc1da85e7a46899e118e2b83bad,
        type: 3}
      propertyPath: m_LocalPosition.y
      value: 0
      objectReference: {fileID: 0}
    - target: {fileID: 7055075655079935450, guid: 376b6bc1da85e7a46899e118e2b83bad,
        type: 3}
      propertyPath: m_LocalPosition.z
      value: 0
      objectReference: {fileID: 0}
    - target: {fileID: 7055075655079935450, guid: 376b6bc1da85e7a46899e118e2b83bad,
        type: 3}
      propertyPath: m_LocalRotation.w
      value: 1
      objectReference: {fileID: 0}
    - target: {fileID: 7055075655079935450, guid: 376b6bc1da85e7a46899e118e2b83bad,
        type: 3}
      propertyPath: m_LocalRotation.x
      value: -0
      objectReference: {fileID: 0}
    - target: {fileID: 7055075655079935450, guid: 376b6bc1da85e7a46899e118e2b83bad,
        type: 3}
      propertyPath: m_LocalRotation.y
      value: -0
      objectReference: {fileID: 0}
    - target: {fileID: 7055075655079935450, guid: 376b6bc1da85e7a46899e118e2b83bad,
        type: 3}
      propertyPath: m_LocalRotation.z
      value: -0
      objectReference: {fileID: 0}
    - target: {fileID: 7055075655079935450, guid: 376b6bc1da85e7a46899e118e2b83bad,
        type: 3}
      propertyPath: m_LocalEulerAnglesHint.x
      value: 0
      objectReference: {fileID: 0}
    - target: {fileID: 7055075655079935450, guid: 376b6bc1da85e7a46899e118e2b83bad,
        type: 3}
      propertyPath: m_LocalEulerAnglesHint.y
      value: 0
      objectReference: {fileID: 0}
    - target: {fileID: 7055075655079935450, guid: 376b6bc1da85e7a46899e118e2b83bad,
        type: 3}
      propertyPath: m_LocalEulerAnglesHint.z
      value: 0
      objectReference: {fileID: 0}
    - target: {fileID: 7684118710750799712, guid: 376b6bc1da85e7a46899e118e2b83bad,
        type: 3}
      propertyPath: m_Name
      value: Macaw_LOD3
      objectReference: {fileID: 0}
    m_RemovedComponents: []
  m_SourcePrefab: {fileID: 100100000, guid: 376b6bc1da85e7a46899e118e2b83bad, type: 3}
--- !u!4 &6333507740742657490 stripped
Transform:
  m_CorrespondingSourceObject: {fileID: 7055075655079935450, guid: 376b6bc1da85e7a46899e118e2b83bad,
    type: 3}
  m_PrefabInstance: {fileID: 3894921355013691400}
  m_PrefabAsset: {fileID: 0}
--- !u!137 &4024412677110653773 stripped
SkinnedMeshRenderer:
  m_CorrespondingSourceObject: {fileID: 131761452870466373, guid: 376b6bc1da85e7a46899e118e2b83bad,
    type: 3}
  m_PrefabInstance: {fileID: 3894921355013691400}
  m_PrefabAsset: {fileID: 0}
--- !u!1001 &4083662960052109984
PrefabInstance:
  m_ObjectHideFlags: 0
  serializedVersion: 2
  m_Modification:
    m_TransformParent: {fileID: 5796021424774054752}
    m_Modifications:
    - target: {fileID: 7206576084014022570, guid: 523d447385db5524c8c278a89ec30e05,
        type: 3}
      propertyPath: m_Name
      value: Macaw_LOD1
      objectReference: {fileID: 0}
    - target: {fileID: 8019000434847606032, guid: 523d447385db5524c8c278a89ec30e05,
        type: 3}
      propertyPath: m_RootOrder
      value: 1
      objectReference: {fileID: 0}
    - target: {fileID: 8019000434847606032, guid: 523d447385db5524c8c278a89ec30e05,
        type: 3}
      propertyPath: m_LocalPosition.x
      value: 0
      objectReference: {fileID: 0}
    - target: {fileID: 8019000434847606032, guid: 523d447385db5524c8c278a89ec30e05,
        type: 3}
      propertyPath: m_LocalPosition.y
      value: 0
      objectReference: {fileID: 0}
    - target: {fileID: 8019000434847606032, guid: 523d447385db5524c8c278a89ec30e05,
        type: 3}
      propertyPath: m_LocalPosition.z
      value: 0
      objectReference: {fileID: 0}
    - target: {fileID: 8019000434847606032, guid: 523d447385db5524c8c278a89ec30e05,
        type: 3}
      propertyPath: m_LocalRotation.w
      value: 1
      objectReference: {fileID: 0}
    - target: {fileID: 8019000434847606032, guid: 523d447385db5524c8c278a89ec30e05,
        type: 3}
      propertyPath: m_LocalRotation.x
      value: -0
      objectReference: {fileID: 0}
    - target: {fileID: 8019000434847606032, guid: 523d447385db5524c8c278a89ec30e05,
        type: 3}
      propertyPath: m_LocalRotation.y
      value: -0
      objectReference: {fileID: 0}
    - target: {fileID: 8019000434847606032, guid: 523d447385db5524c8c278a89ec30e05,
        type: 3}
      propertyPath: m_LocalRotation.z
      value: -0
      objectReference: {fileID: 0}
    - target: {fileID: 8019000434847606032, guid: 523d447385db5524c8c278a89ec30e05,
        type: 3}
      propertyPath: m_LocalEulerAnglesHint.x
      value: 0
      objectReference: {fileID: 0}
    - target: {fileID: 8019000434847606032, guid: 523d447385db5524c8c278a89ec30e05,
        type: 3}
      propertyPath: m_LocalEulerAnglesHint.y
      value: 0
      objectReference: {fileID: 0}
    - target: {fileID: 8019000434847606032, guid: 523d447385db5524c8c278a89ec30e05,
        type: 3}
      propertyPath: m_LocalEulerAnglesHint.z
      value: 0
      objectReference: {fileID: 0}
    m_RemovedComponents: []
  m_SourcePrefab: {fileID: 100100000, guid: 523d447385db5524c8c278a89ec30e05, type: 3}
--- !u!4 &6333507740263573424 stripped
Transform:
  m_CorrespondingSourceObject: {fileID: 8019000434847606032, guid: 523d447385db5524c8c278a89ec30e05,
    type: 3}
  m_PrefabInstance: {fileID: 4083662960052109984}
  m_PrefabAsset: {fileID: 0}
--- !u!137 &4024412677055815983 stripped
SkinnedMeshRenderer:
  m_CorrespondingSourceObject: {fileID: 1113941423380374415, guid: 523d447385db5524c8c278a89ec30e05,
    type: 3}
  m_PrefabInstance: {fileID: 4083662960052109984}
  m_PrefabAsset: {fileID: 0}
--- !u!1001 &6346767319392677280
PrefabInstance:
  m_ObjectHideFlags: 0
  serializedVersion: 2
  m_Modification:
    m_TransformParent: {fileID: 5796021424774054752}
    m_Modifications:
    - target: {fileID: 340809396747842330, guid: 3f323a4b218f7cb41a63253ea5d71608,
        type: 3}
      propertyPath: m_Name
      value: Macaw_LOD2
      objectReference: {fileID: 0}
    - target: {fileID: 1148731247270652320, guid: 3f323a4b218f7cb41a63253ea5d71608,
        type: 3}
      propertyPath: m_RootOrder
      value: 2
      objectReference: {fileID: 0}
    - target: {fileID: 1148731247270652320, guid: 3f323a4b218f7cb41a63253ea5d71608,
        type: 3}
      propertyPath: m_LocalPosition.x
      value: 0
      objectReference: {fileID: 0}
    - target: {fileID: 1148731247270652320, guid: 3f323a4b218f7cb41a63253ea5d71608,
        type: 3}
      propertyPath: m_LocalPosition.y
      value: 0
      objectReference: {fileID: 0}
    - target: {fileID: 1148731247270652320, guid: 3f323a4b218f7cb41a63253ea5d71608,
        type: 3}
      propertyPath: m_LocalPosition.z
      value: 0
      objectReference: {fileID: 0}
    - target: {fileID: 1148731247270652320, guid: 3f323a4b218f7cb41a63253ea5d71608,
        type: 3}
      propertyPath: m_LocalRotation.w
      value: 1
      objectReference: {fileID: 0}
    - target: {fileID: 1148731247270652320, guid: 3f323a4b218f7cb41a63253ea5d71608,
        type: 3}
      propertyPath: m_LocalRotation.x
      value: -0
      objectReference: {fileID: 0}
    - target: {fileID: 1148731247270652320, guid: 3f323a4b218f7cb41a63253ea5d71608,
        type: 3}
      propertyPath: m_LocalRotation.y
      value: -0
      objectReference: {fileID: 0}
    - target: {fileID: 1148731247270652320, guid: 3f323a4b218f7cb41a63253ea5d71608,
        type: 3}
      propertyPath: m_LocalRotation.z
      value: -0
      objectReference: {fileID: 0}
    - target: {fileID: 1148731247270652320, guid: 3f323a4b218f7cb41a63253ea5d71608,
        type: 3}
      propertyPath: m_LocalEulerAnglesHint.x
      value: 0
      objectReference: {fileID: 0}
    - target: {fileID: 1148731247270652320, guid: 3f323a4b218f7cb41a63253ea5d71608,
        type: 3}
      propertyPath: m_LocalEulerAnglesHint.y
      value: 0
      objectReference: {fileID: 0}
    - target: {fileID: 1148731247270652320, guid: 3f323a4b218f7cb41a63253ea5d71608,
        type: 3}
      propertyPath: m_LocalEulerAnglesHint.z
      value: 0
      objectReference: {fileID: 0}
    m_RemovedComponents: []
  m_SourcePrefab: {fileID: 100100000, guid: 3f323a4b218f7cb41a63253ea5d71608, type: 3}
--- !u!4 &6333507740110947328 stripped
Transform:
  m_CorrespondingSourceObject: {fileID: 1148731247270652320, guid: 3f323a4b218f7cb41a63253ea5d71608,
    type: 3}
  m_PrefabInstance: {fileID: 6346767319392677280}
  m_PrefabAsset: {fileID: 0}
--- !u!137 &4024412675661709983 stripped
SkinnedMeshRenderer:
  m_CorrespondingSourceObject: {fileID: 8056281407255752511, guid: 3f323a4b218f7cb41a63253ea5d71608,
    type: 3}
  m_PrefabInstance: {fileID: 6346767319392677280}
  m_PrefabAsset: {fileID: 0}
--- !u!1001 &8205490896845377291
PrefabInstance:
  m_ObjectHideFlags: 0
  serializedVersion: 2
  m_Modification:
    m_TransformParent: {fileID: 5796021424774054752}
    m_Modifications:
    - target: {fileID: 2754762357313236768, guid: 74a0d6c77a0777a4db837a7ea499ab7d,
        type: 3}
      propertyPath: m_RootOrder
      value: 0
      objectReference: {fileID: 0}
    - target: {fileID: 2754762357313236768, guid: 74a0d6c77a0777a4db837a7ea499ab7d,
        type: 3}
      propertyPath: m_LocalPosition.x
      value: 0
      objectReference: {fileID: 0}
    - target: {fileID: 2754762357313236768, guid: 74a0d6c77a0777a4db837a7ea499ab7d,
        type: 3}
      propertyPath: m_LocalPosition.y
      value: 0
      objectReference: {fileID: 0}
    - target: {fileID: 2754762357313236768, guid: 74a0d6c77a0777a4db837a7ea499ab7d,
        type: 3}
      propertyPath: m_LocalPosition.z
      value: 0
      objectReference: {fileID: 0}
    - target: {fileID: 2754762357313236768, guid: 74a0d6c77a0777a4db837a7ea499ab7d,
        type: 3}
      propertyPath: m_LocalRotation.w
      value: 1
      objectReference: {fileID: 0}
    - target: {fileID: 2754762357313236768, guid: 74a0d6c77a0777a4db837a7ea499ab7d,
        type: 3}
      propertyPath: m_LocalRotation.x
      value: -0
      objectReference: {fileID: 0}
    - target: {fileID: 2754762357313236768, guid: 74a0d6c77a0777a4db837a7ea499ab7d,
        type: 3}
      propertyPath: m_LocalRotation.y
      value: -0
      objectReference: {fileID: 0}
    - target: {fileID: 2754762357313236768, guid: 74a0d6c77a0777a4db837a7ea499ab7d,
        type: 3}
      propertyPath: m_LocalRotation.z
      value: -0
      objectReference: {fileID: 0}
    - target: {fileID: 2754762357313236768, guid: 74a0d6c77a0777a4db837a7ea499ab7d,
        type: 3}
      propertyPath: m_LocalEulerAnglesHint.x
      value: 0
      objectReference: {fileID: 0}
    - target: {fileID: 2754762357313236768, guid: 74a0d6c77a0777a4db837a7ea499ab7d,
        type: 3}
      propertyPath: m_LocalEulerAnglesHint.y
      value: 0
      objectReference: {fileID: 0}
    - target: {fileID: 2754762357313236768, guid: 74a0d6c77a0777a4db837a7ea499ab7d,
        type: 3}
      propertyPath: m_LocalEulerAnglesHint.z
      value: 0
      objectReference: {fileID: 0}
    - target: {fileID: 3274452728414582170, guid: 74a0d6c77a0777a4db837a7ea499ab7d,
        type: 3}
      propertyPath: m_Name
      value: Macaw_LOD0
      objectReference: {fileID: 0}
    m_RemovedComponents: []
  m_SourcePrefab: {fileID: 100100000, guid: 74a0d6c77a0777a4db837a7ea499ab7d, type: 3}
--- !u!4 &6333507740361449515 stripped
Transform:
  m_CorrespondingSourceObject: {fileID: 2754762357313236768, guid: 74a0d6c77a0777a4db837a7ea499ab7d,
    type: 3}
  m_PrefabInstance: {fileID: 8205490896845377291}
  m_PrefabAsset: {fileID: 0}
--- !u!137 &4024412677023147700 stripped
SkinnedMeshRenderer:
  m_CorrespondingSourceObject: {fileID: 5045813336577452479, guid: 74a0d6c77a0777a4db837a7ea499ab7d,
    type: 3}
  m_PrefabInstance: {fileID: 8205490896845377291}
  m_PrefabAsset: {fileID: 0}
