%YAML 1.1
%TAG !u! tag:unity3d.com,2011:
--- !u!1 &2022104850681253215
GameObject:
  m_ObjectHideFlags: 0
  m_CorrespondingSourceObject: {fileID: 0}
  m_PrefabInstance: {fileID: 0}
  m_PrefabAsset: {fileID: 0}
  serializedVersion: 6
  m_Component:
  - component: {fileID: 2022104850681253214}
  - component: {fileID: 2022104850681253201}
  - component: {fileID: 3414106098377917908}
  m_Layer: 0
  m_Name: Ostrich
  m_TagString: Untagged
  m_Icon: {fileID: 0}
  m_NavMeshLayer: 0
  m_StaticEditorFlags: 0
  m_IsActive: 1
--- !u!4 &2022104850681253214
Transform:
  m_ObjectHideFlags: 0
  m_CorrespondingSourceObject: {fileID: 0}
  m_PrefabInstance: {fileID: 0}
  m_PrefabAsset: {fileID: 0}
  m_GameObject: {fileID: 2022104850681253215}
  m_LocalRotation: {x: -0, y: -0, z: -0, w: 1}
  m_LocalPosition: {x: 0, y: 0, z: 0}
  m_LocalScale: {x: 1, y: 1, z: 1}
  m_Children:
  - {fileID: 1983075704933561373}
  - {fileID: 1983075705089634750}
  - {fileID: 1983075705365027875}
  - {fileID: 1983075703884360208}
  m_Father: {fileID: 0}
  m_RootOrder: 0
  m_LocalEulerAnglesHint: {x: 0, y: 0, z: 0}
--- !u!205 &2022104850681253201
LODGroup:
  m_ObjectHideFlags: 0
  m_CorrespondingSourceObject: {fileID: 0}
  m_PrefabInstance: {fileID: 0}
  m_PrefabAsset: {fileID: 0}
  m_GameObject: {fileID: 2022104850681253215}
  serializedVersion: 2
  m_LocalReferencePoint: {x: 0, y: 1.8195943, z: -0.007377863}
  m_Size: 3.6378624
  m_FadeMode: 0
  m_AnimateCrossFading: 0
  m_LastLODIsBillboard: 0
  m_LODs:
  - screenRelativeHeight: 0.95
    fadeTransitionWidth: 0
    renderers:
    - renderer: {fileID: 8915431140528026242}
  - screenRelativeHeight: 0.7
    fadeTransitionWidth: 0
    renderers:
    - renderer: {fileID: 8915431140844009249}
  - screenRelativeHeight: 0.35
    fadeTransitionWidth: 0
    renderers:
    - renderer: {fileID: 8915431140032518844}
  - screenRelativeHeight: 0.05
    fadeTransitionWidth: 0
    renderers:
    - renderer: {fileID: 8915431139365710991}
  m_Enabled: 1
--- !u!136 &3414106098377917908
CapsuleCollider:
  m_ObjectHideFlags: 0
  m_CorrespondingSourceObject: {fileID: 0}
  m_PrefabInstance: {fileID: 0}
  m_PrefabAsset: {fileID: 0}
  m_GameObject: {fileID: 2022104850681253215}
  m_Material: {fileID: 0}
  m_IsTrigger: 0
  m_Enabled: 1
  m_Radius: 0.8122617
  m_Height: 2.732012
  m_Direction: 1
  m_Center: {x: 0, y: 1.9818219, z: 0.18735707}
--- !u!1001 &2270668004281608344
PrefabInstance:
  m_ObjectHideFlags: 0
  serializedVersion: 2
  m_Modification:
    m_TransformParent: {fileID: 2022104850681253214}
    m_Modifications:
    - target: {fileID: 289994388967873669, guid: 7ee42dd54b501324aba60c3369c5ddbf,
        type: 3}
      propertyPath: m_RootOrder
      value: 0
      objectReference: {fileID: 0}
    - target: {fileID: 289994388967873669, guid: 7ee42dd54b501324aba60c3369c5ddbf,
        type: 3}
      propertyPath: m_LocalPosition.x
      value: 0
      objectReference: {fileID: 0}
    - target: {fileID: 289994388967873669, guid: 7ee42dd54b501324aba60c3369c5ddbf,
        type: 3}
      propertyPath: m_LocalPosition.y
      value: 0
      objectReference: {fileID: 0}
    - target: {fileID: 289994388967873669, guid: 7ee42dd54b501324aba60c3369c5ddbf,
        type: 3}
      propertyPath: m_LocalPosition.z
      value: 0
      objectReference: {fileID: 0}
    - target: {fileID: 289994388967873669, guid: 7ee42dd54b501324aba60c3369c5ddbf,
        type: 3}
      propertyPath: m_LocalRotation.w
      value: 1
      objectReference: {fileID: 0}
    - target: {fileID: 289994388967873669, guid: 7ee42dd54b501324aba60c3369c5ddbf,
        type: 3}
      propertyPath: m_LocalRotation.x
      value: -0
      objectReference: {fileID: 0}
    - target: {fileID: 289994388967873669, guid: 7ee42dd54b501324aba60c3369c5ddbf,
        type: 3}
      propertyPath: m_LocalRotation.y
      value: -0
      objectReference: {fileID: 0}
    - target: {fileID: 289994388967873669, guid: 7ee42dd54b501324aba60c3369c5ddbf,
        type: 3}
      propertyPath: m_LocalRotation.z
      value: -0
      objectReference: {fileID: 0}
    - target: {fileID: 289994388967873669, guid: 7ee42dd54b501324aba60c3369c5ddbf,
        type: 3}
      propertyPath: m_LocalEulerAnglesHint.x
      value: 0
      objectReference: {fileID: 0}
    - target: {fileID: 289994388967873669, guid: 7ee42dd54b501324aba60c3369c5ddbf,
        type: 3}
      propertyPath: m_LocalEulerAnglesHint.y
      value: 0
      objectReference: {fileID: 0}
    - target: {fileID: 289994388967873669, guid: 7ee42dd54b501324aba60c3369c5ddbf,
        type: 3}
      propertyPath: m_LocalEulerAnglesHint.z
      value: 0
      objectReference: {fileID: 0}
    - target: {fileID: 1102701245106816575, guid: 7ee42dd54b501324aba60c3369c5ddbf,
        type: 3}
      propertyPath: m_Name
      value: Ostrich_LOD0
      objectReference: {fileID: 0}
    m_RemovedComponents: []
  m_SourcePrefab: {fileID: 100100000, guid: 7ee42dd54b501324aba60c3369c5ddbf, type: 3}
--- !u!4 &1983075704933561373 stripped
Transform:
  m_CorrespondingSourceObject: {fileID: 289994388967873669, guid: 7ee42dd54b501324aba60c3369c5ddbf,
    type: 3}
  m_PrefabInstance: {fileID: 2270668004281608344}
  m_PrefabAsset: {fileID: 0}
--- !u!137 &8915431140528026242 stripped
SkinnedMeshRenderer:
  m_CorrespondingSourceObject: {fileID: 7222350922866498074, guid: 7ee42dd54b501324aba60c3369c5ddbf,
    type: 3}
  m_PrefabInstance: {fileID: 2270668004281608344}
  m_PrefabAsset: {fileID: 0}
--- !u!1001 &4733967666917018767
PrefabInstance:
  m_ObjectHideFlags: 0
  serializedVersion: 2
  m_Modification:
    m_TransformParent: {fileID: 2022104850681253214}
    m_Modifications:
    - target: {fileID: 5871835156767734821, guid: eabe8200f5dc1ef45b5bfa16190c183a,
        type: 3}
      propertyPath: m_Name
      value: Ostrich_LOD3
      objectReference: {fileID: 0}
    - target: {fileID: 6500702358693619359, guid: eabe8200f5dc1ef45b5bfa16190c183a,
        type: 3}
      propertyPath: m_RootOrder
      value: 3
      objectReference: {fileID: 0}
    - target: {fileID: 6500702358693619359, guid: eabe8200f5dc1ef45b5bfa16190c183a,
        type: 3}
      propertyPath: m_LocalPosition.x
      value: 0
      objectReference: {fileID: 0}
    - target: {fileID: 6500702358693619359, guid: eabe8200f5dc1ef45b5bfa16190c183a,
        type: 3}
      propertyPath: m_LocalPosition.y
      value: 0
      objectReference: {fileID: 0}
    - target: {fileID: 6500702358693619359, guid: eabe8200f5dc1ef45b5bfa16190c183a,
        type: 3}
      propertyPath: m_LocalPosition.z
      value: 0
      objectReference: {fileID: 0}
    - target: {fileID: 6500702358693619359, guid: eabe8200f5dc1ef45b5bfa16190c183a,
        type: 3}
      propertyPath: m_LocalRotation.w
      value: 1
      objectReference: {fileID: 0}
    - target: {fileID: 6500702358693619359, guid: eabe8200f5dc1ef45b5bfa16190c183a,
        type: 3}
      propertyPath: m_LocalRotation.x
      value: -0
      objectReference: {fileID: 0}
    - target: {fileID: 6500702358693619359, guid: eabe8200f5dc1ef45b5bfa16190c183a,
        type: 3}
      propertyPath: m_LocalRotation.y
      value: -0
      objectReference: {fileID: 0}
    - target: {fileID: 6500702358693619359, guid: eabe8200f5dc1ef45b5bfa16190c183a,
        type: 3}
      propertyPath: m_LocalRotation.z
      value: -0
      objectReference: {fileID: 0}
    - target: {fileID: 6500702358693619359, guid: eabe8200f5dc1ef45b5bfa16190c183a,
        type: 3}
      propertyPath: m_LocalEulerAnglesHint.x
      value: 0
      objectReference: {fileID: 0}
    - target: {fileID: 6500702358693619359, guid: eabe8200f5dc1ef45b5bfa16190c183a,
        type: 3}
      propertyPath: m_LocalEulerAnglesHint.y
      value: 0
      objectReference: {fileID: 0}
    - target: {fileID: 6500702358693619359, guid: eabe8200f5dc1ef45b5bfa16190c183a,
        type: 3}
      propertyPath: m_LocalEulerAnglesHint.z
      value: 0
      objectReference: {fileID: 0}
    m_RemovedComponents: []
  m_SourcePrefab: {fileID: 100100000, guid: eabe8200f5dc1ef45b5bfa16190c183a, type: 3}
--- !u!4 &1983075703884360208 stripped
Transform:
  m_CorrespondingSourceObject: {fileID: 6500702358693619359, guid: eabe8200f5dc1ef45b5bfa16190c183a,
    type: 3}
  m_PrefabInstance: {fileID: 4733967666917018767}
  m_PrefabAsset: {fileID: 0}
--- !u!137 &8915431139365710991 stripped
SkinnedMeshRenderer:
  m_CorrespondingSourceObject: {fileID: 4182603668574396416, guid: eabe8200f5dc1ef45b5bfa16190c183a,
    type: 3}
  m_PrefabInstance: {fileID: 4733967666917018767}
  m_PrefabAsset: {fileID: 0}
--- !u!1001 &8659010582840768606
PrefabInstance:
  m_ObjectHideFlags: 0
  serializedVersion: 2
  m_Modification:
    m_TransformParent: {fileID: 2022104850681253214}
    m_Modifications:
    - target: {fileID: 7183154439219258493, guid: 9b98c3ed4e7225d4697f0723f7799a2a,
        type: 3}
      propertyPath: m_RootOrder
      value: 2
      objectReference: {fileID: 0}
    - target: {fileID: 7183154439219258493, guid: 9b98c3ed4e7225d4697f0723f7799a2a,
        type: 3}
      propertyPath: m_LocalPosition.x
      value: 0
      objectReference: {fileID: 0}
    - target: {fileID: 7183154439219258493, guid: 9b98c3ed4e7225d4697f0723f7799a2a,
        type: 3}
      propertyPath: m_LocalPosition.y
      value: 0
      objectReference: {fileID: 0}
    - target: {fileID: 7183154439219258493, guid: 9b98c3ed4e7225d4697f0723f7799a2a,
        type: 3}
      propertyPath: m_LocalPosition.z
      value: 0
      objectReference: {fileID: 0}
    - target: {fileID: 7183154439219258493, guid: 9b98c3ed4e7225d4697f0723f7799a2a,
        type: 3}
      propertyPath: m_LocalRotation.w
      value: 1
      objectReference: {fileID: 0}
    - target: {fileID: 7183154439219258493, guid: 9b98c3ed4e7225d4697f0723f7799a2a,
        type: 3}
      propertyPath: m_LocalRotation.x
      value: -0
      objectReference: {fileID: 0}
    - target: {fileID: 7183154439219258493, guid: 9b98c3ed4e7225d4697f0723f7799a2a,
        type: 3}
      propertyPath: m_LocalRotation.y
      value: -0
      objectReference: {fileID: 0}
    - target: {fileID: 7183154439219258493, guid: 9b98c3ed4e7225d4697f0723f7799a2a,
        type: 3}
      propertyPath: m_LocalRotation.z
      value: -0
      objectReference: {fileID: 0}
    - target: {fileID: 7183154439219258493, guid: 9b98c3ed4e7225d4697f0723f7799a2a,
        type: 3}
      propertyPath: m_LocalEulerAnglesHint.x
      value: 0
      objectReference: {fileID: 0}
    - target: {fileID: 7183154439219258493, guid: 9b98c3ed4e7225d4697f0723f7799a2a,
        type: 3}
      propertyPath: m_LocalEulerAnglesHint.y
      value: 0
      objectReference: {fileID: 0}
    - target: {fileID: 7183154439219258493, guid: 9b98c3ed4e7225d4697f0723f7799a2a,
        type: 3}
      propertyPath: m_LocalEulerAnglesHint.z
      value: 0
      objectReference: {fileID: 0}
    - target: {fileID: 7558271950257094343, guid: 9b98c3ed4e7225d4697f0723f7799a2a,
        type: 3}
      propertyPath: m_Name
      value: Ostrich_LOD2
      objectReference: {fileID: 0}
    m_RemovedComponents: []
  m_SourcePrefab: {fileID: 100100000, guid: 9b98c3ed4e7225d4697f0723f7799a2a, type: 3}
--- !u!4 &1983075705365027875 stripped
Transform:
  m_CorrespondingSourceObject: {fileID: 7183154439219258493, guid: 9b98c3ed4e7225d4697f0723f7799a2a,
    type: 3}
  m_PrefabInstance: {fileID: 8659010582840768606}
  m_PrefabAsset: {fileID: 0}
--- !u!137 &8915431140032518844 stripped
SkinnedMeshRenderer:
  m_CorrespondingSourceObject: {fileID: 257555503390548706, guid: 9b98c3ed4e7225d4697f0723f7799a2a,
    type: 3}
  m_PrefabInstance: {fileID: 8659010582840768606}
  m_PrefabAsset: {fileID: 0}
--- !u!1001 &9155912529913461253
PrefabInstance:
  m_ObjectHideFlags: 0
  serializedVersion: 2
  m_Modification:
    m_TransformParent: {fileID: 2022104850681253214}
    m_Modifications:
    - target: {fileID: 7247726900420348859, guid: 6e25541f47231154391f6579c527ec8d,
        type: 3}
      propertyPath: m_RootOrder
      value: 1
      objectReference: {fileID: 0}
    - target: {fileID: 7247726900420348859, guid: 6e25541f47231154391f6579c527ec8d,
        type: 3}
      propertyPath: m_LocalPosition.x
      value: 0
      objectReference: {fileID: 0}
    - target: {fileID: 7247726900420348859, guid: 6e25541f47231154391f6579c527ec8d,
        type: 3}
      propertyPath: m_LocalPosition.y
      value: 0
      objectReference: {fileID: 0}
    - target: {fileID: 7247726900420348859, guid: 6e25541f47231154391f6579c527ec8d,
        type: 3}
      propertyPath: m_LocalPosition.z
      value: 0
      objectReference: {fileID: 0}
    - target: {fileID: 7247726900420348859, guid: 6e25541f47231154391f6579c527ec8d,
        type: 3}
      propertyPath: m_LocalRotation.w
      value: 1
      objectReference: {fileID: 0}
    - target: {fileID: 7247726900420348859, guid: 6e25541f47231154391f6579c527ec8d,
        type: 3}
      propertyPath: m_LocalRotation.x
      value: -0
      objectReference: {fileID: 0}
    - target: {fileID: 7247726900420348859, guid: 6e25541f47231154391f6579c527ec8d,
        type: 3}
      propertyPath: m_LocalRotation.y
      value: -0
      objectReference: {fileID: 0}
    - target: {fileID: 7247726900420348859, guid: 6e25541f47231154391f6579c527ec8d,
        type: 3}
      propertyPath: m_LocalRotation.z
      value: -0
      objectReference: {fileID: 0}
    - target: {fileID: 7247726900420348859, guid: 6e25541f47231154391f6579c527ec8d,
        type: 3}
      propertyPath: m_LocalEulerAnglesHint.x
      value: 0
      objectReference: {fileID: 0}
    - target: {fileID: 7247726900420348859, guid: 6e25541f47231154391f6579c527ec8d,
        type: 3}
      propertyPath: m_LocalEulerAnglesHint.y
      value: 0
      objectReference: {fileID: 0}
    - target: {fileID: 7247726900420348859, guid: 6e25541f47231154391f6579c527ec8d,
        type: 3}
      propertyPath: m_LocalEulerAnglesHint.z
      value: 0
      objectReference: {fileID: 0}
    - target: {fileID: 8061102054257021185, guid: 6e25541f47231154391f6579c527ec8d,
        type: 3}
      propertyPath: m_Name
      value: Ostrich_LOD1
      objectReference: {fileID: 0}
    m_RemovedComponents: []
  m_SourcePrefab: {fileID: 100100000, guid: 6e25541f47231154391f6579c527ec8d, type: 3}
--- !u!4 &1983075705089634750 stripped
Transform:
  m_CorrespondingSourceObject: {fileID: 7247726900420348859, guid: 6e25541f47231154391f6579c527ec8d,
    type: 3}
  m_PrefabInstance: {fileID: 9155912529913461253}
  m_PrefabAsset: {fileID: 0}
--- !u!137 &8915431140844009249 stripped
SkinnedMeshRenderer:
  m_CorrespondingSourceObject: {fileID: 335989370643041572, guid: 6e25541f47231154391f6579c527ec8d,
    type: 3}
  m_PrefabInstance: {fileID: 9155912529913461253}
  m_PrefabAsset: {fileID: 0}
