%YAML 1.1
%TAG !u! tag:unity3d.com,2011:
--- !u!1 &2528066052049005644
GameObject:
  m_ObjectHideFlags: 0
  m_CorrespondingSourceObject: {fileID: 0}
  m_PrefabInstance: {fileID: 0}
  m_PrefabAsset: {fileID: 0}
  serializedVersion: 6
  m_Component:
  - component: {fileID: 2528066052049005635}
  - component: {fileID: 2528066052049005634}
  - component: {fileID: 4350400899514065716}
  m_Layer: 0
  m_Name: Peacock
  m_TagString: Untagged
  m_Icon: {fileID: 0}
  m_NavMeshLayer: 0
  m_StaticEditorFlags: 0
  m_IsActive: 1
--- !u!4 &2528066052049005635
Transform:
  m_ObjectHideFlags: 0
  m_CorrespondingSourceObject: {fileID: 0}
  m_PrefabInstance: {fileID: 0}
  m_PrefabAsset: {fileID: 0}
  m_GameObject: {fileID: 2528066052049005644}
  m_LocalRotation: {x: -0, y: -0, z: -0, w: 1}
  m_LocalPosition: {x: 0, y: 0, z: 0}
  m_LocalScale: {x: 1, y: 1, z: 1}
  m_Children:
  - {fileID: 2639047616443614242}
  - {fileID: 2639047617847727289}
  - {fileID: 2639047617151884293}
  - {fileID: 2639047615735314082}
  m_Father: {fileID: 0}
  m_RootOrder: 0
  m_LocalEulerAnglesHint: {x: 0, y: 0, z: 0}
--- !u!205 &2528066052049005634
LODGroup:
  m_ObjectHideFlags: 0
  m_CorrespondingSourceObject: {fileID: 0}
  m_PrefabInstance: {fileID: 0}
  m_PrefabAsset: {fileID: 0}
  m_GameObject: {fileID: 2528066052049005644}
  serializedVersion: 2
  m_LocalReferencePoint: {x: 0, y: 1.2064744, z: -0.33574226}
  m_Size: 2.412727
  m_FadeMode: 0
  m_AnimateCrossFading: 0
  m_LastLODIsBillboard: 0
  m_LODs:
  - screenRelativeHeight: 0.95
    fadeTransitionWidth: 0
    renderers:
    - renderer: {fileID: 4945922611190416061}
  - screenRelativeHeight: 0.7
    fadeTransitionWidth: 0
    renderers:
    - renderer: {fileID: 4945922612468568614}
  - screenRelativeHeight: 0.35
    fadeTransitionWidth: 0
    renderers:
    - renderer: {fileID: 4945922613098093210}
  - screenRelativeHeight: 0.05
    fadeTransitionWidth: 0
    renderers:
    - renderer: {fileID: 4945922611832680509}
  m_Enabled: 1
--- !u!136 &4350400899514065716
CapsuleCollider:
  m_ObjectHideFlags: 0
  m_CorrespondingSourceObject: {fileID: 0}
  m_PrefabInstance: {fileID: 0}
  m_PrefabAsset: {fileID: 0}
  m_GameObject: {fileID: 2528066052049005644}
  m_Material: {fileID: 0}
  m_IsTrigger: 0
  m_Enabled: 1
  m_Radius: 0.7706269
  m_Height: 1.7327745
  m_Direction: 1
  m_Center: {x: 0, y: 1.1158155, z: 0.04579842}
--- !u!1001 &572186475822854933
PrefabInstance:
  m_ObjectHideFlags: 0
  serializedVersion: 2
  m_Modification:
    m_TransformParent: {fileID: 2528066052049005635}
    m_Modifications:
    - target: {fileID: 2553285087584237367, guid: a0c780da41e294e4ea10ad01d13bcd82,
        type: 3}
      propertyPath: m_RootOrder
      value: 0
      objectReference: {fileID: 0}
    - target: {fileID: 2553285087584237367, guid: a0c780da41e294e4ea10ad01d13bcd82,
        type: 3}
      propertyPath: m_LocalPosition.x
      value: 0
      objectReference: {fileID: 0}
    - target: {fileID: 2553285087584237367, guid: a0c780da41e294e4ea10ad01d13bcd82,
        type: 3}
      propertyPath: m_LocalPosition.y
      value: 0
      objectReference: {fileID: 0}
    - target: {fileID: 2553285087584237367, guid: a0c780da41e294e4ea10ad01d13bcd82,
        type: 3}
      propertyPath: m_LocalPosition.z
      value: 0
      objectReference: {fileID: 0}
    - target: {fileID: 2553285087584237367, guid: a0c780da41e294e4ea10ad01d13bcd82,
        type: 3}
      propertyPath: m_LocalRotation.w
      value: 1
      objectReference: {fileID: 0}
    - target: {fileID: 2553285087584237367, guid: a0c780da41e294e4ea10ad01d13bcd82,
        type: 3}
      propertyPath: m_LocalRotation.x
      value: -0
      objectReference: {fileID: 0}
    - target: {fileID: 2553285087584237367, guid: a0c780da41e294e4ea10ad01d13bcd82,
        type: 3}
      propertyPath: m_LocalRotation.y
      value: -0
      objectReference: {fileID: 0}
    - target: {fileID: 2553285087584237367, guid: a0c780da41e294e4ea10ad01d13bcd82,
        type: 3}
      propertyPath: m_LocalRotation.z
      value: -0
      objectReference: {fileID: 0}
    - target: {fileID: 2553285087584237367, guid: a0c780da41e294e4ea10ad01d13bcd82,
        type: 3}
      propertyPath: m_LocalEulerAnglesHint.x
      value: 0
      objectReference: {fileID: 0}
    - target: {fileID: 2553285087584237367, guid: a0c780da41e294e4ea10ad01d13bcd82,
        type: 3}
      propertyPath: m_LocalEulerAnglesHint.y
      value: 0
      objectReference: {fileID: 0}
    - target: {fileID: 2553285087584237367, guid: a0c780da41e294e4ea10ad01d13bcd82,
        type: 3}
      propertyPath: m_LocalEulerAnglesHint.z
      value: 0
      objectReference: {fileID: 0}
    - target: {fileID: 2892656689007488397, guid: a0c780da41e294e4ea10ad01d13bcd82,
        type: 3}
      propertyPath: m_Name
      value: Peacock_LOD0
      objectReference: {fileID: 0}
    m_RemovedComponents: []
  m_SourcePrefab: {fileID: 100100000, guid: a0c780da41e294e4ea10ad01d13bcd82, type: 3}
--- !u!4 &2639047616443614242 stripped
Transform:
  m_CorrespondingSourceObject: {fileID: 2553285087584237367, guid: a0c780da41e294e4ea10ad01d13bcd82,
    type: 3}
  m_PrefabInstance: {fileID: 572186475822854933}
  m_PrefabAsset: {fileID: 0}
--- !u!137 &4945922611190416061 stripped
SkinnedMeshRenderer:
  m_CorrespondingSourceObject: {fileID: 4851400411558965672, guid: a0c780da41e294e4ea10ad01d13bcd82,
    type: 3}
  m_PrefabInstance: {fileID: 572186475822854933}
  m_PrefabAsset: {fileID: 0}
--- !u!1001 &3585265365915189126
PrefabInstance:
  m_ObjectHideFlags: 0
  serializedVersion: 2
  m_Modification:
    m_TransformParent: {fileID: 2528066052049005635}
    m_Modifications:
    - target: {fileID: 1539857279498544003, guid: 41a9a5576fbe0cd4e9688d2f8f65652f,
        type: 3}
      propertyPath: m_RootOrder
      value: 2
      objectReference: {fileID: 0}
    - target: {fileID: 1539857279498544003, guid: 41a9a5576fbe0cd4e9688d2f8f65652f,
        type: 3}
      propertyPath: m_LocalPosition.x
      value: 0
      objectReference: {fileID: 0}
    - target: {fileID: 1539857279498544003, guid: 41a9a5576fbe0cd4e9688d2f8f65652f,
        type: 3}
      propertyPath: m_LocalPosition.y
      value: 0
      objectReference: {fileID: 0}
    - target: {fileID: 1539857279498544003, guid: 41a9a5576fbe0cd4e9688d2f8f65652f,
        type: 3}
      propertyPath: m_LocalPosition.z
      value: 0
      objectReference: {fileID: 0}
    - target: {fileID: 1539857279498544003, guid: 41a9a5576fbe0cd4e9688d2f8f65652f,
        type: 3}
      propertyPath: m_LocalRotation.w
      value: 1
      objectReference: {fileID: 0}
    - target: {fileID: 1539857279498544003, guid: 41a9a5576fbe0cd4e9688d2f8f65652f,
        type: 3}
      propertyPath: m_LocalRotation.x
      value: -0
      objectReference: {fileID: 0}
    - target: {fileID: 1539857279498544003, guid: 41a9a5576fbe0cd4e9688d2f8f65652f,
        type: 3}
      propertyPath: m_LocalRotation.y
      value: -0
      objectReference: {fileID: 0}
    - target: {fileID: 1539857279498544003, guid: 41a9a5576fbe0cd4e9688d2f8f65652f,
        type: 3}
      propertyPath: m_LocalRotation.z
      value: -0
      objectReference: {fileID: 0}
    - target: {fileID: 1539857279498544003, guid: 41a9a5576fbe0cd4e9688d2f8f65652f,
        type: 3}
      propertyPath: m_LocalEulerAnglesHint.x
      value: 0
      objectReference: {fileID: 0}
    - target: {fileID: 1539857279498544003, guid: 41a9a5576fbe0cd4e9688d2f8f65652f,
        type: 3}
      propertyPath: m_LocalEulerAnglesHint.y
      value: 0
      objectReference: {fileID: 0}
    - target: {fileID: 1539857279498544003, guid: 41a9a5576fbe0cd4e9688d2f8f65652f,
        type: 3}
      propertyPath: m_LocalEulerAnglesHint.z
      value: 0
      objectReference: {fileID: 0}
    - target: {fileID: 2167775844297029945, guid: 41a9a5576fbe0cd4e9688d2f8f65652f,
        type: 3}
      propertyPath: m_Name
      value: Peacock_LOD2
      objectReference: {fileID: 0}
    m_RemovedComponents: []
  m_SourcePrefab: {fileID: 100100000, guid: 41a9a5576fbe0cd4e9688d2f8f65652f, type: 3}
--- !u!4 &2639047617151884293 stripped
Transform:
  m_CorrespondingSourceObject: {fileID: 1539857279498544003, guid: 41a9a5576fbe0cd4e9688d2f8f65652f,
    type: 3}
  m_PrefabInstance: {fileID: 3585265365915189126}
  m_PrefabAsset: {fileID: 0}
--- !u!137 &4945922613098093210 stripped
SkinnedMeshRenderer:
  m_CorrespondingSourceObject: {fileID: 8458351309574776092, guid: 41a9a5576fbe0cd4e9688d2f8f65652f,
    type: 3}
  m_PrefabInstance: {fileID: 3585265365915189126}
  m_PrefabAsset: {fileID: 0}
--- !u!1001 &5428705688995687821
PrefabInstance:
  m_ObjectHideFlags: 0
  serializedVersion: 2
  m_Modification:
    m_TransformParent: {fileID: 2528066052049005635}
    m_Modifications:
    - target: {fileID: 7242549545458205077, guid: 376cdd44af0f1de4693849aa38438e5d,
        type: 3}
      propertyPath: m_Name
      value: Peacock_LOD3
      objectReference: {fileID: 0}
    - target: {fileID: 8055080307931765551, guid: 376cdd44af0f1de4693849aa38438e5d,
        type: 3}
      propertyPath: m_RootOrder
      value: 3
      objectReference: {fileID: 0}
    - target: {fileID: 8055080307931765551, guid: 376cdd44af0f1de4693849aa38438e5d,
        type: 3}
      propertyPath: m_LocalPosition.x
      value: 0
      objectReference: {fileID: 0}
    - target: {fileID: 8055080307931765551, guid: 376cdd44af0f1de4693849aa38438e5d,
        type: 3}
      propertyPath: m_LocalPosition.y
      value: 0
      objectReference: {fileID: 0}
    - target: {fileID: 8055080307931765551, guid: 376cdd44af0f1de4693849aa38438e5d,
        type: 3}
      propertyPath: m_LocalPosition.z
      value: 0
      objectReference: {fileID: 0}
    - target: {fileID: 8055080307931765551, guid: 376cdd44af0f1de4693849aa38438e5d,
        type: 3}
      propertyPath: m_LocalRotation.w
      value: 1
      objectReference: {fileID: 0}
    - target: {fileID: 8055080307931765551, guid: 376cdd44af0f1de4693849aa38438e5d,
        type: 3}
      propertyPath: m_LocalRotation.x
      value: -0
      objectReference: {fileID: 0}
    - target: {fileID: 8055080307931765551, guid: 376cdd44af0f1de4693849aa38438e5d,
        type: 3}
      propertyPath: m_LocalRotation.y
      value: -0
      objectReference: {fileID: 0}
    - target: {fileID: 8055080307931765551, guid: 376cdd44af0f1de4693849aa38438e5d,
        type: 3}
      propertyPath: m_LocalRotation.z
      value: -0
      objectReference: {fileID: 0}
    - target: {fileID: 8055080307931765551, guid: 376cdd44af0f1de4693849aa38438e5d,
        type: 3}
      propertyPath: m_LocalEulerAnglesHint.x
      value: 0
      objectReference: {fileID: 0}
    - target: {fileID: 8055080307931765551, guid: 376cdd44af0f1de4693849aa38438e5d,
        type: 3}
      propertyPath: m_LocalEulerAnglesHint.y
      value: 0
      objectReference: {fileID: 0}
    - target: {fileID: 8055080307931765551, guid: 376cdd44af0f1de4693849aa38438e5d,
        type: 3}
      propertyPath: m_LocalEulerAnglesHint.z
      value: 0
      objectReference: {fileID: 0}
    m_RemovedComponents: []
  m_SourcePrefab: {fileID: 100100000, guid: 376cdd44af0f1de4693849aa38438e5d, type: 3}
--- !u!4 &2639047615735314082 stripped
Transform:
  m_CorrespondingSourceObject: {fileID: 8055080307931765551, guid: 376cdd44af0f1de4693849aa38438e5d,
    type: 3}
  m_PrefabInstance: {fileID: 5428705688995687821}
  m_PrefabAsset: {fileID: 0}
--- !u!137 &4945922611832680509 stripped
SkinnedMeshRenderer:
  m_CorrespondingSourceObject: {fileID: 1150055519812132272, guid: 376cdd44af0f1de4693849aa38438e5d,
    type: 3}
  m_PrefabInstance: {fileID: 5428705688995687821}
  m_PrefabAsset: {fileID: 0}
--- !u!1001 &5545661838832342299
PrefabInstance:
  m_ObjectHideFlags: 0
  serializedVersion: 2
  m_Modification:
    m_TransformParent: {fileID: 2528066052049005635}
    m_Modifications:
    - target: {fileID: 7143326318377917208, guid: 8798a4e082187d24085f912dee39ace0,
        type: 3}
      propertyPath: m_Name
      value: Peacock_LOD1
      objectReference: {fileID: 0}
    - target: {fileID: 7523792987829895586, guid: 8798a4e082187d24085f912dee39ace0,
        type: 3}
      propertyPath: m_RootOrder
      value: 1
      objectReference: {fileID: 0}
    - target: {fileID: 7523792987829895586, guid: 8798a4e082187d24085f912dee39ace0,
        type: 3}
      propertyPath: m_LocalPosition.x
      value: 0
      objectReference: {fileID: 0}
    - target: {fileID: 7523792987829895586, guid: 8798a4e082187d24085f912dee39ace0,
        type: 3}
      propertyPath: m_LocalPosition.y
      value: 0
      objectReference: {fileID: 0}
    - target: {fileID: 7523792987829895586, guid: 8798a4e082187d24085f912dee39ace0,
        type: 3}
      propertyPath: m_LocalPosition.z
      value: 0
      objectReference: {fileID: 0}
    - target: {fileID: 7523792987829895586, guid: 8798a4e082187d24085f912dee39ace0,
        type: 3}
      propertyPath: m_LocalRotation.w
      value: 1
      objectReference: {fileID: 0}
    - target: {fileID: 7523792987829895586, guid: 8798a4e082187d24085f912dee39ace0,
        type: 3}
      propertyPath: m_LocalRotation.x
      value: -0
      objectReference: {fileID: 0}
    - target: {fileID: 7523792987829895586, guid: 8798a4e082187d24085f912dee39ace0,
        type: 3}
      propertyPath: m_LocalRotation.y
      value: -0
      objectReference: {fileID: 0}
    - target: {fileID: 7523792987829895586, guid: 8798a4e082187d24085f912dee39ace0,
        type: 3}
      propertyPath: m_LocalRotation.z
      value: -0
      objectReference: {fileID: 0}
    - target: {fileID: 7523792987829895586, guid: 8798a4e082187d24085f912dee39ace0,
        type: 3}
      propertyPath: m_LocalEulerAnglesHint.x
      value: 0
      objectReference: {fileID: 0}
    - target: {fileID: 7523792987829895586, guid: 8798a4e082187d24085f912dee39ace0,
        type: 3}
      propertyPath: m_LocalEulerAnglesHint.y
      value: 0
      objectReference: {fileID: 0}
    - target: {fileID: 7523792987829895586, guid: 8798a4e082187d24085f912dee39ace0,
        type: 3}
      propertyPath: m_LocalEulerAnglesHint.z
      value: 0
      objectReference: {fileID: 0}
    m_RemovedComponents: []
  m_SourcePrefab: {fileID: 100100000, guid: 8798a4e082187d24085f912dee39ace0, type: 3}
--- !u!4 &2639047617847727289 stripped
Transform:
  m_CorrespondingSourceObject: {fileID: 7523792987829895586, guid: 8798a4e082187d24085f912dee39ace0,
    type: 3}
  m_PrefabInstance: {fileID: 5545661838832342299}
  m_PrefabAsset: {fileID: 0}
--- !u!137 &4945922612468568614 stripped
SkinnedMeshRenderer:
  m_CorrespondingSourceObject: {fileID: 600478923440539453, guid: 8798a4e082187d24085f912dee39ace0,
    type: 3}
  m_PrefabInstance: {fileID: 5545661838832342299}
  m_PrefabAsset: {fileID: 0}
