%YAML 1.1
%TAG !u! tag:unity3d.com,2011:
--- !u!1 &2803992081072214282
GameObject:
  m_ObjectHideFlags: 0
  m_CorrespondingSourceObject: {fileID: 0}
  m_PrefabInstance: {fileID: 0}
  m_PrefabAsset: {fileID: 0}
  serializedVersion: 6
  m_Component:
  - component: {fileID: 2803992081072214283}
  - component: {fileID: 2803992081072214280}
  - component: {fileID: 6408119680676237378}
  m_Layer: 0
  m_Name: Puffin
  m_TagString: Untagged
  m_Icon: {fileID: 0}
  m_NavMeshLayer: 0
  m_StaticEditorFlags: 0
  m_IsActive: 1
--- !u!4 &2803992081072214283
Transform:
  m_ObjectHideFlags: 0
  m_CorrespondingSourceObject: {fileID: 0}
  m_PrefabInstance: {fileID: 0}
  m_PrefabAsset: {fileID: 0}
  m_GameObject: {fileID: 2803992081072214282}
  m_LocalRotation: {x: -0, y: -0, z: -0, w: 1}
  m_LocalPosition: {x: 0, y: 0, z: 0}
  m_LocalScale: {x: 1, y: 1, z: 1}
  m_Children:
  - {fileID: 2405905766366493116}
  - {fileID: 2405905765707017331}
  - {fileID: 2405905767478400748}
  - {fileID: 2405905767259455993}
  m_Father: {fileID: 0}
  m_RootOrder: 0
  m_LocalEulerAnglesHint: {x: 0, y: 0, z: 0}
--- !u!205 &2803992081072214280
LODGroup:
  m_ObjectHideFlags: 0
  m_CorrespondingSourceObject: {fileID: 0}
  m_PrefabInstance: {fileID: 0}
  m_PrefabAsset: {fileID: 0}
  m_GameObject: {fileID: 2803992081072214282}
  serializedVersion: 2
  m_LocalReferencePoint: {x: 0, y: 0.94742835, z: -0.023404002}
  m_Size: 1.8948569
  m_FadeMode: 0
  m_AnimateCrossFading: 0
  m_LastLODIsBillboard: 0
  m_LODs:
  - screenRelativeHeight: 0.95
    fadeTransitionWidth: 0
    renderers:
    - renderer: {fileID: 4710707168221069091}
  - screenRelativeHeight: 0.7
    fadeTransitionWidth: 0
    renderers:
    - renderer: {fileID: 4710707168811330284}
  - screenRelativeHeight: 0.35
    fadeTransitionWidth: 0
    renderers:
    - renderer: {fileID: 4710707169190236275}
  - screenRelativeHeight: 0.05
    fadeTransitionWidth: 0
    renderers:
    - renderer: {fileID: 4710707169944995686}
  m_Enabled: 1
--- !u!136 &6408119680676237378
CapsuleCollider:
  m_ObjectHideFlags: 0
  m_CorrespondingSourceObject: {fileID: 0}
  m_PrefabInstance: {fileID: 0}
  m_PrefabAsset: {fileID: 0}
  m_GameObject: {fileID: 2803992081072214282}
  m_Material: {fileID: 0}
  m_IsTrigger: 0
  m_Enabled: 1
  m_Radius: 0.5
  m_Height: 1.3663871
  m_Direction: 1
  m_Center: {x: 0, y: 0.86600626, z: 0}
--- !u!1001 &761783664229585040
PrefabInstance:
  m_ObjectHideFlags: 0
  serializedVersion: 2
  m_Modification:
    m_TransformParent: {fileID: 2803992081072214283}
    m_Modifications:
    - target: {fileID: 2358417343865216198, guid: dd3e4e047b6a51947b220e13043353d3,
        type: 3}
      propertyPath: m_Name
      value: Puffin_LOD2
      objectReference: {fileID: 0}
    - target: {fileID: 3166339194650134140, guid: dd3e4e047b6a51947b220e13043353d3,
        type: 3}
      propertyPath: m_RootOrder
      value: 2
      objectReference: {fileID: 0}
    - target: {fileID: 3166339194650134140, guid: dd3e4e047b6a51947b220e13043353d3,
        type: 3}
      propertyPath: m_LocalPosition.x
      value: 0
      objectReference: {fileID: 0}
    - target: {fileID: 3166339194650134140, guid: dd3e4e047b6a51947b220e13043353d3,
        type: 3}
      propertyPath: m_LocalPosition.y
      value: 0
      objectReference: {fileID: 0}
    - target: {fileID: 3166339194650134140, guid: dd3e4e047b6a51947b220e13043353d3,
        type: 3}
      propertyPath: m_LocalPosition.z
      value: 0
      objectReference: {fileID: 0}
    - target: {fileID: 3166339194650134140, guid: dd3e4e047b6a51947b220e13043353d3,
        type: 3}
      propertyPath: m_LocalRotation.w
      value: 1
      objectReference: {fileID: 0}
    - target: {fileID: 3166339194650134140, guid: dd3e4e047b6a51947b220e13043353d3,
        type: 3}
      propertyPath: m_LocalRotation.x
      value: -0
      objectReference: {fileID: 0}
    - target: {fileID: 3166339194650134140, guid: dd3e4e047b6a51947b220e13043353d3,
        type: 3}
      propertyPath: m_LocalRotation.y
      value: -0
      objectReference: {fileID: 0}
    - target: {fileID: 3166339194650134140, guid: dd3e4e047b6a51947b220e13043353d3,
        type: 3}
      propertyPath: m_LocalRotation.z
      value: -0
      objectReference: {fileID: 0}
    - target: {fileID: 3166339194650134140, guid: dd3e4e047b6a51947b220e13043353d3,
        type: 3}
      propertyPath: m_LocalEulerAnglesHint.x
      value: 0
      objectReference: {fileID: 0}
    - target: {fileID: 3166339194650134140, guid: dd3e4e047b6a51947b220e13043353d3,
        type: 3}
      propertyPath: m_LocalEulerAnglesHint.y
      value: 0
      objectReference: {fileID: 0}
    - target: {fileID: 3166339194650134140, guid: dd3e4e047b6a51947b220e13043353d3,
        type: 3}
      propertyPath: m_LocalEulerAnglesHint.z
      value: 0
      objectReference: {fileID: 0}
    m_RemovedComponents: []
  m_SourcePrefab: {fileID: 100100000, guid: dd3e4e047b6a51947b220e13043353d3, type: 3}
--- !u!4 &2405905767478400748 stripped
Transform:
  m_CorrespondingSourceObject: {fileID: 3166339194650134140, guid: dd3e4e047b6a51947b220e13043353d3,
    type: 3}
  m_PrefabInstance: {fileID: 761783664229585040}
  m_PrefabAsset: {fileID: 0}
--- !u!137 &4710707169190236275 stripped
SkinnedMeshRenderer:
  m_CorrespondingSourceObject: {fileID: 5462212149761917155, guid: dd3e4e047b6a51947b220e13043353d3,
    type: 3}
  m_PrefabInstance: {fileID: 761783664229585040}
  m_PrefabAsset: {fileID: 0}
--- !u!1001 &1867991714762455827
PrefabInstance:
  m_ObjectHideFlags: 0
  serializedVersion: 2
  m_Modification:
    m_TransformParent: {fileID: 2803992081072214283}
    m_Modifications:
    - target: {fileID: 3730351246708461018, guid: 3c4d2437501c5624a83780f9641b2bd8,
        type: 3}
      propertyPath: m_Name
      value: Puffin_LOD1
      objectReference: {fileID: 0}
    - target: {fileID: 4075491706748671840, guid: 3c4d2437501c5624a83780f9641b2bd8,
        type: 3}
      propertyPath: m_RootOrder
      value: 1
      objectReference: {fileID: 0}
    - target: {fileID: 4075491706748671840, guid: 3c4d2437501c5624a83780f9641b2bd8,
        type: 3}
      propertyPath: m_LocalPosition.x
      value: 0
      objectReference: {fileID: 0}
    - target: {fileID: 4075491706748671840, guid: 3c4d2437501c5624a83780f9641b2bd8,
        type: 3}
      propertyPath: m_LocalPosition.y
      value: 0
      objectReference: {fileID: 0}
    - target: {fileID: 4075491706748671840, guid: 3c4d2437501c5624a83780f9641b2bd8,
        type: 3}
      propertyPath: m_LocalPosition.z
      value: 0
      objectReference: {fileID: 0}
    - target: {fileID: 4075491706748671840, guid: 3c4d2437501c5624a83780f9641b2bd8,
        type: 3}
      propertyPath: m_LocalRotation.w
      value: 1
      objectReference: {fileID: 0}
    - target: {fileID: 4075491706748671840, guid: 3c4d2437501c5624a83780f9641b2bd8,
        type: 3}
      propertyPath: m_LocalRotation.x
      value: -0
      objectReference: {fileID: 0}
    - target: {fileID: 4075491706748671840, guid: 3c4d2437501c5624a83780f9641b2bd8,
        type: 3}
      propertyPath: m_LocalRotation.y
      value: -0
      objectReference: {fileID: 0}
    - target: {fileID: 4075491706748671840, guid: 3c4d2437501c5624a83780f9641b2bd8,
        type: 3}
      propertyPath: m_LocalRotation.z
      value: -0
      objectReference: {fileID: 0}
    - target: {fileID: 4075491706748671840, guid: 3c4d2437501c5624a83780f9641b2bd8,
        type: 3}
      propertyPath: m_LocalEulerAnglesHint.x
      value: 0
      objectReference: {fileID: 0}
    - target: {fileID: 4075491706748671840, guid: 3c4d2437501c5624a83780f9641b2bd8,
        type: 3}
      propertyPath: m_LocalEulerAnglesHint.y
      value: 0
      objectReference: {fileID: 0}
    - target: {fileID: 4075491706748671840, guid: 3c4d2437501c5624a83780f9641b2bd8,
        type: 3}
      propertyPath: m_LocalEulerAnglesHint.z
      value: 0
      objectReference: {fileID: 0}
    m_RemovedComponents: []
  m_SourcePrefab: {fileID: 100100000, guid: 3c4d2437501c5624a83780f9641b2bd8, type: 3}
--- !u!4 &2405905765707017331 stripped
Transform:
  m_CorrespondingSourceObject: {fileID: 4075491706748671840, guid: 3c4d2437501c5624a83780f9641b2bd8,
    type: 3}
  m_PrefabInstance: {fileID: 1867991714762455827}
  m_PrefabAsset: {fileID: 0}
--- !u!137 &4710707168811330284 stripped
SkinnedMeshRenderer:
  m_CorrespondingSourceObject: {fileID: 6391658623783358975, guid: 3c4d2437501c5624a83780f9641b2bd8,
    type: 3}
  m_PrefabInstance: {fileID: 1867991714762455827}
  m_PrefabAsset: {fileID: 0}
--- !u!1001 &4404521724012807403
PrefabInstance:
  m_ObjectHideFlags: 0
  serializedVersion: 2
  m_Modification:
    m_TransformParent: {fileID: 2803992081072214283}
    m_Modifications:
    - target: {fileID: 1659768925462093736, guid: 8002933c0fe3d8e48b8cdd8af04d54dc,
        type: 3}
      propertyPath: m_Name
      value: Puffin_LOD3
      objectReference: {fileID: 0}
    - target: {fileID: 2036611814453019922, guid: 8002933c0fe3d8e48b8cdd8af04d54dc,
        type: 3}
      propertyPath: m_RootOrder
      value: 3
      objectReference: {fileID: 0}
    - target: {fileID: 2036611814453019922, guid: 8002933c0fe3d8e48b8cdd8af04d54dc,
        type: 3}
      propertyPath: m_LocalPosition.x
      value: 0
      objectReference: {fileID: 0}
    - target: {fileID: 2036611814453019922, guid: 8002933c0fe3d8e48b8cdd8af04d54dc,
        type: 3}
      propertyPath: m_LocalPosition.y
      value: 0
      objectReference: {fileID: 0}
    - target: {fileID: 2036611814453019922, guid: 8002933c0fe3d8e48b8cdd8af04d54dc,
        type: 3}
      propertyPath: m_LocalPosition.z
      value: 0
      objectReference: {fileID: 0}
    - target: {fileID: 2036611814453019922, guid: 8002933c0fe3d8e48b8cdd8af04d54dc,
        type: 3}
      propertyPath: m_LocalRotation.w
      value: 1
      objectReference: {fileID: 0}
    - target: {fileID: 2036611814453019922, guid: 8002933c0fe3d8e48b8cdd8af04d54dc,
        type: 3}
      propertyPath: m_LocalRotation.x
      value: -0
      objectReference: {fileID: 0}
    - target: {fileID: 2036611814453019922, guid: 8002933c0fe3d8e48b8cdd8af04d54dc,
        type: 3}
      propertyPath: m_LocalRotation.y
      value: -0
      objectReference: {fileID: 0}
    - target: {fileID: 2036611814453019922, guid: 8002933c0fe3d8e48b8cdd8af04d54dc,
        type: 3}
      propertyPath: m_LocalRotation.z
      value: -0
      objectReference: {fileID: 0}
    - target: {fileID: 2036611814453019922, guid: 8002933c0fe3d8e48b8cdd8af04d54dc,
        type: 3}
      propertyPath: m_LocalEulerAnglesHint.x
      value: 0
      objectReference: {fileID: 0}
    - target: {fileID: 2036611814453019922, guid: 8002933c0fe3d8e48b8cdd8af04d54dc,
        type: 3}
      propertyPath: m_LocalEulerAnglesHint.y
      value: 0
      objectReference: {fileID: 0}
    - target: {fileID: 2036611814453019922, guid: 8002933c0fe3d8e48b8cdd8af04d54dc,
        type: 3}
      propertyPath: m_LocalEulerAnglesHint.z
      value: 0
      objectReference: {fileID: 0}
    m_RemovedComponents: []
  m_SourcePrefab: {fileID: 100100000, guid: 8002933c0fe3d8e48b8cdd8af04d54dc, type: 3}
--- !u!4 &2405905767259455993 stripped
Transform:
  m_CorrespondingSourceObject: {fileID: 2036611814453019922, guid: 8002933c0fe3d8e48b8cdd8af04d54dc,
    type: 3}
  m_PrefabInstance: {fileID: 4404521724012807403}
  m_PrefabAsset: {fileID: 0}
--- !u!137 &4710707169944995686 stripped
SkinnedMeshRenderer:
  m_CorrespondingSourceObject: {fileID: 8971111211000349581, guid: 8002933c0fe3d8e48b8cdd8af04d54dc,
    type: 3}
  m_PrefabInstance: {fileID: 4404521724012807403}
  m_PrefabAsset: {fileID: 0}
--- !u!1001 &8828479447589541861
PrefabInstance:
  m_ObjectHideFlags: 0
  serializedVersion: 2
  m_Modification:
    m_TransformParent: {fileID: 2803992081072214283}
    m_Modifications:
    - target: {fileID: 5813480166240793827, guid: b721cf35b9df6644ebf0e7f09fd5f4f1,
        type: 3}
      propertyPath: m_Name
      value: Puffin_LOD0
      objectReference: {fileID: 0}
    - target: {fileID: 6622105390387555929, guid: b721cf35b9df6644ebf0e7f09fd5f4f1,
        type: 3}
      propertyPath: m_RootOrder
      value: 0
      objectReference: {fileID: 0}
    - target: {fileID: 6622105390387555929, guid: b721cf35b9df6644ebf0e7f09fd5f4f1,
        type: 3}
      propertyPath: m_LocalPosition.x
      value: 0
      objectReference: {fileID: 0}
    - target: {fileID: 6622105390387555929, guid: b721cf35b9df6644ebf0e7f09fd5f4f1,
        type: 3}
      propertyPath: m_LocalPosition.y
      value: 0
      objectReference: {fileID: 0}
    - target: {fileID: 6622105390387555929, guid: b721cf35b9df6644ebf0e7f09fd5f4f1,
        type: 3}
      propertyPath: m_LocalPosition.z
      value: 0
      objectReference: {fileID: 0}
    - target: {fileID: 6622105390387555929, guid: b721cf35b9df6644ebf0e7f09fd5f4f1,
        type: 3}
      propertyPath: m_LocalRotation.w
      value: 1
      objectReference: {fileID: 0}
    - target: {fileID: 6622105390387555929, guid: b721cf35b9df6644ebf0e7f09fd5f4f1,
        type: 3}
      propertyPath: m_LocalRotation.x
      value: -0
      objectReference: {fileID: 0}
    - target: {fileID: 6622105390387555929, guid: b721cf35b9df6644ebf0e7f09fd5f4f1,
        type: 3}
      propertyPath: m_LocalRotation.y
      value: -0
      objectReference: {fileID: 0}
    - target: {fileID: 6622105390387555929, guid: b721cf35b9df6644ebf0e7f09fd5f4f1,
        type: 3}
      propertyPath: m_LocalRotation.z
      value: -0
      objectReference: {fileID: 0}
    - target: {fileID: 6622105390387555929, guid: b721cf35b9df6644ebf0e7f09fd5f4f1,
        type: 3}
      propertyPath: m_LocalEulerAnglesHint.x
      value: 0
      objectReference: {fileID: 0}
    - target: {fileID: 6622105390387555929, guid: b721cf35b9df6644ebf0e7f09fd5f4f1,
        type: 3}
      propertyPath: m_LocalEulerAnglesHint.y
      value: 0
      objectReference: {fileID: 0}
    - target: {fileID: 6622105390387555929, guid: b721cf35b9df6644ebf0e7f09fd5f4f1,
        type: 3}
      propertyPath: m_LocalEulerAnglesHint.z
      value: 0
      objectReference: {fileID: 0}
    m_RemovedComponents: []
  m_SourcePrefab: {fileID: 100100000, guid: b721cf35b9df6644ebf0e7f09fd5f4f1, type: 3}
--- !u!4 &2405905766366493116 stripped
Transform:
  m_CorrespondingSourceObject: {fileID: 6622105390387555929, guid: b721cf35b9df6644ebf0e7f09fd5f4f1,
    type: 3}
  m_PrefabInstance: {fileID: 8828479447589541861}
  m_PrefabAsset: {fileID: 0}
--- !u!137 &4710707168221069091 stripped
SkinnedMeshRenderer:
  m_CorrespondingSourceObject: {fileID: 4312975639928547526, guid: b721cf35b9df6644ebf0e7f09fd5f4f1,
    type: 3}
  m_PrefabInstance: {fileID: 8828479447589541861}
  m_PrefabAsset: {fileID: 0}
