%YAML 1.1
%TAG !u! tag:unity3d.com,2011:
--- !u!1 &93636143973009566
GameObject:
  m_ObjectHideFlags: 0
  m_CorrespondingSourceObject: {fileID: 0}
  m_PrefabInstance: {fileID: 0}
  m_PrefabAsset: {fileID: 0}
  serializedVersion: 6
  m_Component:
  - component: {fileID: 93636143973009565}
  - component: {fileID: 93636143973009564}
  - component: {fileID: 4687912441338334851}
  m_Layer: 0
  m_Name: Rooster
  m_TagString: Untagged
  m_Icon: {fileID: 0}
  m_NavMeshLayer: 0
  m_StaticEditorFlags: 0
  m_IsActive: 1
--- !u!4 &93636143973009565
Transform:
  m_ObjectHideFlags: 0
  m_CorrespondingSourceObject: {fileID: 0}
  m_PrefabInstance: {fileID: 0}
  m_PrefabAsset: {fileID: 0}
  m_GameObject: {fileID: 93636143973009566}
  m_LocalRotation: {x: -0, y: -0, z: -0, w: 1}
  m_LocalPosition: {x: 0, y: 0, z: 0}
  m_LocalScale: {x: 1, y: 1, z: 1}
  m_Children:
  - {fileID: 488096227049297335}
  - {fileID: 488096227870294838}
  - {fileID: 488096228239848550}
  - {fileID: 488096226862828562}
  m_Father: {fileID: 0}
  m_RootOrder: 0
  m_LocalEulerAnglesHint: {x: 0, y: 0, z: 0}
--- !u!205 &93636143973009564
LODGroup:
  m_ObjectHideFlags: 0
  m_CorrespondingSourceObject: {fileID: 0}
  m_PrefabInstance: {fileID: 0}
  m_PrefabAsset: {fileID: 0}
  m_GameObject: {fileID: 93636143973009566}
  serializedVersion: 2
  m_LocalReferencePoint: {x: 0, y: 1.2734619, z: -0.27791873}
  m_Size: 2.5517056
  m_FadeMode: 0
  m_AnimateCrossFading: 0
  m_LastLODIsBillboard: 0
  m_LODs:
  - screenRelativeHeight: 0.95
    fadeTransitionWidth: 0
    renderers:
    - renderer: {fileID: 7420425118802645800}
  - screenRelativeHeight: 0.7
    fadeTransitionWidth: 0
    renderers:
    - renderer: {fileID: 7420425119657330089}
  - screenRelativeHeight: 0.35
    fadeTransitionWidth: 0
    renderers:
    - renderer: {fileID: 7420425119758349049}
  - screenRelativeHeight: 0.05
    fadeTransitionWidth: 0
    renderers:
    - renderer: {fileID: 7420425118519347853}
  m_Enabled: 1
--- !u!136 &4687912441338334851
CapsuleCollider:
  m_ObjectHideFlags: 0
  m_CorrespondingSourceObject: {fileID: 0}
  m_PrefabInstance: {fileID: 0}
  m_PrefabAsset: {fileID: 0}
  m_GameObject: {fileID: 93636143973009566}
  m_Material: {fileID: 0}
  m_IsTrigger: 0
  m_Enabled: 1
  m_Radius: 0.737319
  m_Height: 2.157451
  m_Direction: 1
  m_Center: {x: 0, y: 1.3031727, z: 0.10408723}
--- !u!1001 &441340497377083203
PrefabInstance:
  m_ObjectHideFlags: 0
  serializedVersion: 2
  m_Modification:
    m_TransformParent: {fileID: 93636143973009565}
    m_Modifications:
    - target: {fileID: 61330994641075317, guid: cc6e81622f6531a40b51c69ba9b6033d,
        type: 3}
      propertyPath: m_RootOrder
      value: 1
      objectReference: {fileID: 0}
    - target: {fileID: 61330994641075317, guid: cc6e81622f6531a40b51c69ba9b6033d,
        type: 3}
      propertyPath: m_LocalPosition.x
      value: 0
      objectReference: {fileID: 0}
    - target: {fileID: 61330994641075317, guid: cc6e81622f6531a40b51c69ba9b6033d,
        type: 3}
      propertyPath: m_LocalPosition.y
      value: 0
      objectReference: {fileID: 0}
    - target: {fileID: 61330994641075317, guid: cc6e81622f6531a40b51c69ba9b6033d,
        type: 3}
      propertyPath: m_LocalPosition.z
      value: 0
      objectReference: {fileID: 0}
    - target: {fileID: 61330994641075317, guid: cc6e81622f6531a40b51c69ba9b6033d,
        type: 3}
      propertyPath: m_LocalRotation.w
      value: 1
      objectReference: {fileID: 0}
    - target: {fileID: 61330994641075317, guid: cc6e81622f6531a40b51c69ba9b6033d,
        type: 3}
      propertyPath: m_LocalRotation.x
      value: -0
      objectReference: {fileID: 0}
    - target: {fileID: 61330994641075317, guid: cc6e81622f6531a40b51c69ba9b6033d,
        type: 3}
      propertyPath: m_LocalRotation.y
      value: -0
      objectReference: {fileID: 0}
    - target: {fileID: 61330994641075317, guid: cc6e81622f6531a40b51c69ba9b6033d,
        type: 3}
      propertyPath: m_LocalRotation.z
      value: -0
      objectReference: {fileID: 0}
    - target: {fileID: 61330994641075317, guid: cc6e81622f6531a40b51c69ba9b6033d,
        type: 3}
      propertyPath: m_LocalEulerAnglesHint.x
      value: 0
      objectReference: {fileID: 0}
    - target: {fileID: 61330994641075317, guid: cc6e81622f6531a40b51c69ba9b6033d,
        type: 3}
      propertyPath: m_LocalEulerAnglesHint.y
      value: 0
      objectReference: {fileID: 0}
    - target: {fileID: 61330994641075317, guid: cc6e81622f6531a40b51c69ba9b6033d,
        type: 3}
      propertyPath: m_LocalEulerAnglesHint.z
      value: 0
      objectReference: {fileID: 0}
    - target: {fileID: 833786718925432527, guid: cc6e81622f6531a40b51c69ba9b6033d,
        type: 3}
      propertyPath: m_Name
      value: Rooster_LOD1
      objectReference: {fileID: 0}
    m_RemovedComponents: []
  m_SourcePrefab: {fileID: 100100000, guid: cc6e81622f6531a40b51c69ba9b6033d, type: 3}
--- !u!4 &488096227870294838 stripped
Transform:
  m_CorrespondingSourceObject: {fileID: 61330994641075317, guid: cc6e81622f6531a40b51c69ba9b6033d,
    type: 3}
  m_PrefabInstance: {fileID: 441340497377083203}
  m_PrefabAsset: {fileID: 0}
--- !u!137 &7420425119657330089 stripped
SkinnedMeshRenderer:
  m_CorrespondingSourceObject: {fileID: 6982076462679997162, guid: cc6e81622f6531a40b51c69ba9b6033d,
    type: 3}
  m_PrefabInstance: {fileID: 441340497377083203}
  m_PrefabAsset: {fileID: 0}
--- !u!1001 &3601025548269428566
PrefabInstance:
  m_ObjectHideFlags: 0
  serializedVersion: 2
  m_Modification:
    m_TransformParent: {fileID: 93636143973009565}
    m_Modifications:
    - target: {fileID: 3981033939822875460, guid: 9ea00dec96bf5c14f8db1cb54820732c,
        type: 3}
      propertyPath: m_RootOrder
      value: 3
      objectReference: {fileID: 0}
    - target: {fileID: 3981033939822875460, guid: 9ea00dec96bf5c14f8db1cb54820732c,
        type: 3}
      propertyPath: m_LocalPosition.x
      value: 0
      objectReference: {fileID: 0}
    - target: {fileID: 3981033939822875460, guid: 9ea00dec96bf5c14f8db1cb54820732c,
        type: 3}
      propertyPath: m_LocalPosition.y
      value: 0
      objectReference: {fileID: 0}
    - target: {fileID: 3981033939822875460, guid: 9ea00dec96bf5c14f8db1cb54820732c,
        type: 3}
      propertyPath: m_LocalPosition.z
      value: 0
      objectReference: {fileID: 0}
    - target: {fileID: 3981033939822875460, guid: 9ea00dec96bf5c14f8db1cb54820732c,
        type: 3}
      propertyPath: m_LocalRotation.w
      value: 1
      objectReference: {fileID: 0}
    - target: {fileID: 3981033939822875460, guid: 9ea00dec96bf5c14f8db1cb54820732c,
        type: 3}
      propertyPath: m_LocalRotation.x
      value: -0
      objectReference: {fileID: 0}
    - target: {fileID: 3981033939822875460, guid: 9ea00dec96bf5c14f8db1cb54820732c,
        type: 3}
      propertyPath: m_LocalRotation.y
      value: -0
      objectReference: {fileID: 0}
    - target: {fileID: 3981033939822875460, guid: 9ea00dec96bf5c14f8db1cb54820732c,
        type: 3}
      propertyPath: m_LocalRotation.z
      value: -0
      objectReference: {fileID: 0}
    - target: {fileID: 3981033939822875460, guid: 9ea00dec96bf5c14f8db1cb54820732c,
        type: 3}
      propertyPath: m_LocalEulerAnglesHint.x
      value: 0
      objectReference: {fileID: 0}
    - target: {fileID: 3981033939822875460, guid: 9ea00dec96bf5c14f8db1cb54820732c,
        type: 3}
      propertyPath: m_LocalEulerAnglesHint.y
      value: 0
      objectReference: {fileID: 0}
    - target: {fileID: 3981033939822875460, guid: 9ea00dec96bf5c14f8db1cb54820732c,
        type: 3}
      propertyPath: m_LocalEulerAnglesHint.z
      value: 0
      objectReference: {fileID: 0}
    - target: {fileID: 4356293562184944126, guid: 9ea00dec96bf5c14f8db1cb54820732c,
        type: 3}
      propertyPath: m_Name
      value: Rooster_LOD3
      objectReference: {fileID: 0}
    m_RemovedComponents: []
  m_SourcePrefab: {fileID: 100100000, guid: 9ea00dec96bf5c14f8db1cb54820732c, type: 3}
--- !u!4 &488096226862828562 stripped
Transform:
  m_CorrespondingSourceObject: {fileID: 3981033939822875460, guid: 9ea00dec96bf5c14f8db1cb54820732c,
    type: 3}
  m_PrefabInstance: {fileID: 3601025548269428566}
  m_PrefabAsset: {fileID: 0}
--- !u!137 &7420425118519347853 stripped
SkinnedMeshRenderer:
  m_CorrespondingSourceObject: {fileID: 6270080491887515099, guid: 9ea00dec96bf5c14f8db1cb54820732c,
    type: 3}
  m_PrefabInstance: {fileID: 3601025548269428566}
  m_PrefabAsset: {fileID: 0}
--- !u!1001 &5636871338649059754
PrefabInstance:
  m_ObjectHideFlags: 0
  serializedVersion: 2
  m_Modification:
    m_TransformParent: {fileID: 93636143973009565}
    m_Modifications:
    - target: {fileID: 4879633564498653046, guid: 89e1064f9bd77dc4dac027064045b34c,
        type: 3}
      propertyPath: m_Name
      value: Rooster_LOD2
      objectReference: {fileID: 0}
    - target: {fileID: 5259114143234110924, guid: 89e1064f9bd77dc4dac027064045b34c,
        type: 3}
      propertyPath: m_RootOrder
      value: 2
      objectReference: {fileID: 0}
    - target: {fileID: 5259114143234110924, guid: 89e1064f9bd77dc4dac027064045b34c,
        type: 3}
      propertyPath: m_LocalPosition.x
      value: 0
      objectReference: {fileID: 0}
    - target: {fileID: 5259114143234110924, guid: 89e1064f9bd77dc4dac027064045b34c,
        type: 3}
      propertyPath: m_LocalPosition.y
      value: 0
      objectReference: {fileID: 0}
    - target: {fileID: 5259114143234110924, guid: 89e1064f9bd77dc4dac027064045b34c,
        type: 3}
      propertyPath: m_LocalPosition.z
      value: 0
      objectReference: {fileID: 0}
    - target: {fileID: 5259114143234110924, guid: 89e1064f9bd77dc4dac027064045b34c,
        type: 3}
      propertyPath: m_LocalRotation.w
      value: 1
      objectReference: {fileID: 0}
    - target: {fileID: 5259114143234110924, guid: 89e1064f9bd77dc4dac027064045b34c,
        type: 3}
      propertyPath: m_LocalRotation.x
      value: -0
      objectReference: {fileID: 0}
    - target: {fileID: 5259114143234110924, guid: 89e1064f9bd77dc4dac027064045b34c,
        type: 3}
      propertyPath: m_LocalRotation.y
      value: -0
      objectReference: {fileID: 0}
    - target: {fileID: 5259114143234110924, guid: 89e1064f9bd77dc4dac027064045b34c,
        type: 3}
      propertyPath: m_LocalRotation.z
      value: -0
      objectReference: {fileID: 0}
    - target: {fileID: 5259114143234110924, guid: 89e1064f9bd77dc4dac027064045b34c,
        type: 3}
      propertyPath: m_LocalEulerAnglesHint.x
      value: 0
      objectReference: {fileID: 0}
    - target: {fileID: 5259114143234110924, guid: 89e1064f9bd77dc4dac027064045b34c,
        type: 3}
      propertyPath: m_LocalEulerAnglesHint.y
      value: 0
      objectReference: {fileID: 0}
    - target: {fileID: 5259114143234110924, guid: 89e1064f9bd77dc4dac027064045b34c,
        type: 3}
      propertyPath: m_LocalEulerAnglesHint.z
      value: 0
      objectReference: {fileID: 0}
    m_RemovedComponents: []
  m_SourcePrefab: {fileID: 100100000, guid: 89e1064f9bd77dc4dac027064045b34c, type: 3}
--- !u!4 &488096228239848550 stripped
Transform:
  m_CorrespondingSourceObject: {fileID: 5259114143234110924, guid: 89e1064f9bd77dc4dac027064045b34c,
    type: 3}
  m_PrefabInstance: {fileID: 5636871338649059754}
  m_PrefabAsset: {fileID: 0}
--- !u!137 &7420425119758349049 stripped
SkinnedMeshRenderer:
  m_CorrespondingSourceObject: {fileID: 2936511648260092755, guid: 89e1064f9bd77dc4dac027064045b34c,
    type: 3}
  m_PrefabInstance: {fileID: 5636871338649059754}
  m_PrefabAsset: {fileID: 0}
--- !u!1001 &7160217417574626572
PrefabInstance:
  m_ObjectHideFlags: 0
  serializedVersion: 2
  m_Modification:
    m_TransformParent: {fileID: 93636143973009565}
    m_Modifications:
    - target: {fileID: 7320639817797263547, guid: a0aede457dd50bc4894fa7f245b9ea91,
        type: 3}
      propertyPath: m_RootOrder
      value: 0
      objectReference: {fileID: 0}
    - target: {fileID: 7320639817797263547, guid: a0aede457dd50bc4894fa7f245b9ea91,
        type: 3}
      propertyPath: m_LocalPosition.x
      value: 0
      objectReference: {fileID: 0}
    - target: {fileID: 7320639817797263547, guid: a0aede457dd50bc4894fa7f245b9ea91,
        type: 3}
      propertyPath: m_LocalPosition.y
      value: 0
      objectReference: {fileID: 0}
    - target: {fileID: 7320639817797263547, guid: a0aede457dd50bc4894fa7f245b9ea91,
        type: 3}
      propertyPath: m_LocalPosition.z
      value: 0
      objectReference: {fileID: 0}
    - target: {fileID: 7320639817797263547, guid: a0aede457dd50bc4894fa7f245b9ea91,
        type: 3}
      propertyPath: m_LocalRotation.w
      value: 1
      objectReference: {fileID: 0}
    - target: {fileID: 7320639817797263547, guid: a0aede457dd50bc4894fa7f245b9ea91,
        type: 3}
      propertyPath: m_LocalRotation.x
      value: -0
      objectReference: {fileID: 0}
    - target: {fileID: 7320639817797263547, guid: a0aede457dd50bc4894fa7f245b9ea91,
        type: 3}
      propertyPath: m_LocalRotation.y
      value: -0
      objectReference: {fileID: 0}
    - target: {fileID: 7320639817797263547, guid: a0aede457dd50bc4894fa7f245b9ea91,
        type: 3}
      propertyPath: m_LocalRotation.z
      value: -0
      objectReference: {fileID: 0}
    - target: {fileID: 7320639817797263547, guid: a0aede457dd50bc4894fa7f245b9ea91,
        type: 3}
      propertyPath: m_LocalEulerAnglesHint.x
      value: 0
      objectReference: {fileID: 0}
    - target: {fileID: 7320639817797263547, guid: a0aede457dd50bc4894fa7f245b9ea91,
        type: 3}
      propertyPath: m_LocalEulerAnglesHint.y
      value: 0
      objectReference: {fileID: 0}
    - target: {fileID: 7320639817797263547, guid: a0aede457dd50bc4894fa7f245b9ea91,
        type: 3}
      propertyPath: m_LocalEulerAnglesHint.z
      value: 0
      objectReference: {fileID: 0}
    - target: {fileID: 7985994347530336769, guid: a0aede457dd50bc4894fa7f245b9ea91,
        type: 3}
      propertyPath: m_Name
      value: Rooster_LOD0
      objectReference: {fileID: 0}
    m_RemovedComponents: []
  m_SourcePrefab: {fileID: 100100000, guid: a0aede457dd50bc4894fa7f245b9ea91, type: 3}
--- !u!4 &488096227049297335 stripped
Transform:
  m_CorrespondingSourceObject: {fileID: 7320639817797263547, guid: a0aede457dd50bc4894fa7f245b9ea91,
    type: 3}
  m_PrefabInstance: {fileID: 7160217417574626572}
  m_PrefabAsset: {fileID: 0}
--- !u!137 &7420425118802645800 stripped
SkinnedMeshRenderer:
  m_CorrespondingSourceObject: {fileID: 406615456980903460, guid: a0aede457dd50bc4894fa7f245b9ea91,
    type: 3}
  m_PrefabInstance: {fileID: 7160217417574626572}
  m_PrefabAsset: {fileID: 0}
