%YAML 1.1
%TAG !u! tag:unity3d.com,2011:
--- !u!1 &7660600971129686890
GameObject:
  m_ObjectHideFlags: 0
  m_CorrespondingSourceObject: {fileID: 0}
  m_PrefabInstance: {fileID: 0}
  m_PrefabAsset: {fileID: 0}
  serializedVersion: 6
  m_Component:
  - component: {fileID: 7660600971129686891}
  - component: {fileID: 7660600971129686868}
  - component: {fileID: 5215340535660950076}
  m_Layer: 0
  m_Name: Toucan
  m_TagString: Untagged
  m_Icon: {fileID: 0}
  m_NavMeshLayer: 0
  m_StaticEditorFlags: 0
  m_IsActive: 1
--- !u!4 &7660600971129686891
Transform:
  m_ObjectHideFlags: 0
  m_CorrespondingSourceObject: {fileID: 0}
  m_PrefabInstance: {fileID: 0}
  m_PrefabAsset: {fileID: 0}
  m_GameObject: {fileID: 7660600971129686890}
  m_LocalRotation: {x: -0, y: -0, z: -0, w: 1}
  m_LocalPosition: {x: 0, y: 0, z: 0}
  m_LocalScale: {x: 1, y: 1, z: 1}
  m_Children:
  - {fileID: 7909819047426212027}
  - {fileID: 7909819046451564460}
  - {fileID: 7909819045684340651}
  - {fileID: 7909819046078643576}
  m_Father: {fileID: 0}
  m_RootOrder: 0
  m_LocalEulerAnglesHint: {x: 0, y: 0, z: 0}
--- !u!205 &7660600971129686868
LODGroup:
  m_ObjectHideFlags: 0
  m_CorrespondingSourceObject: {fileID: 0}
  m_PrefabInstance: {fileID: 0}
  m_PrefabAsset: {fileID: 0}
  m_GameObject: {fileID: 7660600971129686890}
  serializedVersion: 2
  m_LocalReferencePoint: {x: 0, y: 0.946907, z: -0.017910242}
  m_Size: 2.3942099
  m_FadeMode: 0
  m_AnimateCrossFading: 0
  m_LastLODIsBillboard: 0
  m_LODs:
  - screenRelativeHeight: 0.95
    fadeTransitionWidth: 0
    renderers:
    - renderer: {fileID: 1007090227225822756}
  - screenRelativeHeight: 0.7
    fadeTransitionWidth: 0
    renderers:
    - renderer: {fileID: 1007090227597543731}
  - screenRelativeHeight: 0.35
    fadeTransitionWidth: 0
    renderers:
    - renderer: {fileID: 1007090226818392372}
  - screenRelativeHeight: 0.05
    fadeTransitionWidth: 0
    renderers:
    - renderer: {fileID: 1007090225887296487}
  m_Enabled: 1
--- !u!136 &5215340535660950076
CapsuleCollider:
  m_ObjectHideFlags: 0
  m_CorrespondingSourceObject: {fileID: 0}
  m_PrefabInstance: {fileID: 0}
  m_PrefabAsset: {fileID: 0}
  m_GameObject: {fileID: 7660600971129686890}
  m_Material: {fileID: 0}
  m_IsTrigger: 0
  m_Enabled: 1
  m_Radius: 0.5749428
  m_Height: 1.3747141
  m_Direction: 1
  m_Center: {x: 0, y: 0.93678534, z: -0.03330791}
--- !u!1001 &929998696227736349
PrefabInstance:
  m_ObjectHideFlags: 0
  serializedVersion: 2
  m_Modification:
    m_TransformParent: {fileID: 7660600971129686891}
    m_Modifications:
    - target: {fileID: 7002347968591916214, guid: 84a549a18c9ea384785ef409230f87d5,
        type: 3}
      propertyPath: m_RootOrder
      value: 2
      objectReference: {fileID: 0}
    - target: {fileID: 7002347968591916214, guid: 84a549a18c9ea384785ef409230f87d5,
        type: 3}
      propertyPath: m_LocalPosition.x
      value: 0
      objectReference: {fileID: 0}
    - target: {fileID: 7002347968591916214, guid: 84a549a18c9ea384785ef409230f87d5,
        type: 3}
      propertyPath: m_LocalPosition.y
      value: 0
      objectReference: {fileID: 0}
    - target: {fileID: 7002347968591916214, guid: 84a549a18c9ea384785ef409230f87d5,
        type: 3}
      propertyPath: m_LocalPosition.z
      value: 0
      objectReference: {fileID: 0}
    - target: {fileID: 7002347968591916214, guid: 84a549a18c9ea384785ef409230f87d5,
        type: 3}
      propertyPath: m_LocalRotation.w
      value: 1
      objectReference: {fileID: 0}
    - target: {fileID: 7002347968591916214, guid: 84a549a18c9ea384785ef409230f87d5,
        type: 3}
      propertyPath: m_LocalRotation.x
      value: -0
      objectReference: {fileID: 0}
    - target: {fileID: 7002347968591916214, guid: 84a549a18c9ea384785ef409230f87d5,
        type: 3}
      propertyPath: m_LocalRotation.y
      value: -0
      objectReference: {fileID: 0}
    - target: {fileID: 7002347968591916214, guid: 84a549a18c9ea384785ef409230f87d5,
        type: 3}
      propertyPath: m_LocalRotation.z
      value: -0
      objectReference: {fileID: 0}
    - target: {fileID: 7002347968591916214, guid: 84a549a18c9ea384785ef409230f87d5,
        type: 3}
      propertyPath: m_LocalEulerAnglesHint.x
      value: 0
      objectReference: {fileID: 0}
    - target: {fileID: 7002347968591916214, guid: 84a549a18c9ea384785ef409230f87d5,
        type: 3}
      propertyPath: m_LocalEulerAnglesHint.y
      value: 0
      objectReference: {fileID: 0}
    - target: {fileID: 7002347968591916214, guid: 84a549a18c9ea384785ef409230f87d5,
        type: 3}
      propertyPath: m_LocalEulerAnglesHint.z
      value: 0
      objectReference: {fileID: 0}
    - target: {fileID: 7666963626496439820, guid: 84a549a18c9ea384785ef409230f87d5,
        type: 3}
      propertyPath: m_Name
      value: Toucan_LOD2
      objectReference: {fileID: 0}
    m_RemovedComponents: []
  m_SourcePrefab: {fileID: 100100000, guid: 84a549a18c9ea384785ef409230f87d5, type: 3}
--- !u!4 &7909819045684340651 stripped
Transform:
  m_CorrespondingSourceObject: {fileID: 7002347968591916214, guid: 84a549a18c9ea384785ef409230f87d5,
    type: 3}
  m_PrefabInstance: {fileID: 929998696227736349}
  m_PrefabAsset: {fileID: 0}
--- !u!137 &1007090226818392372 stripped
SkinnedMeshRenderer:
  m_CorrespondingSourceObject: {fileID: 77093197045312041, guid: 84a549a18c9ea384785ef409230f87d5,
    type: 3}
  m_PrefabInstance: {fileID: 929998696227736349}
  m_PrefabAsset: {fileID: 0}
--- !u!1001 &4267552995555741516
PrefabInstance:
  m_ObjectHideFlags: 0
  serializedVersion: 2
  m_Modification:
    m_TransformParent: {fileID: 7660600971129686891}
    m_Modifications:
    - target: {fileID: 6267944520312963296, guid: 9d1aa4c48b31c3047acbec0c7abed4d7,
        type: 3}
      propertyPath: m_RootOrder
      value: 1
      objectReference: {fileID: 0}
    - target: {fileID: 6267944520312963296, guid: 9d1aa4c48b31c3047acbec0c7abed4d7,
        type: 3}
      propertyPath: m_LocalPosition.x
      value: 0
      objectReference: {fileID: 0}
    - target: {fileID: 6267944520312963296, guid: 9d1aa4c48b31c3047acbec0c7abed4d7,
        type: 3}
      propertyPath: m_LocalPosition.y
      value: 0
      objectReference: {fileID: 0}
    - target: {fileID: 6267944520312963296, guid: 9d1aa4c48b31c3047acbec0c7abed4d7,
        type: 3}
      propertyPath: m_LocalPosition.z
      value: 0
      objectReference: {fileID: 0}
    - target: {fileID: 6267944520312963296, guid: 9d1aa4c48b31c3047acbec0c7abed4d7,
        type: 3}
      propertyPath: m_LocalRotation.w
      value: 1
      objectReference: {fileID: 0}
    - target: {fileID: 6267944520312963296, guid: 9d1aa4c48b31c3047acbec0c7abed4d7,
        type: 3}
      propertyPath: m_LocalRotation.x
      value: -0
      objectReference: {fileID: 0}
    - target: {fileID: 6267944520312963296, guid: 9d1aa4c48b31c3047acbec0c7abed4d7,
        type: 3}
      propertyPath: m_LocalRotation.y
      value: -0
      objectReference: {fileID: 0}
    - target: {fileID: 6267944520312963296, guid: 9d1aa4c48b31c3047acbec0c7abed4d7,
        type: 3}
      propertyPath: m_LocalRotation.z
      value: -0
      objectReference: {fileID: 0}
    - target: {fileID: 6267944520312963296, guid: 9d1aa4c48b31c3047acbec0c7abed4d7,
        type: 3}
      propertyPath: m_LocalEulerAnglesHint.x
      value: 0
      objectReference: {fileID: 0}
    - target: {fileID: 6267944520312963296, guid: 9d1aa4c48b31c3047acbec0c7abed4d7,
        type: 3}
      propertyPath: m_LocalEulerAnglesHint.y
      value: 0
      objectReference: {fileID: 0}
    - target: {fileID: 6267944520312963296, guid: 9d1aa4c48b31c3047acbec0c7abed4d7,
        type: 3}
      propertyPath: m_LocalEulerAnglesHint.z
      value: 0
      objectReference: {fileID: 0}
    - target: {fileID: 6753120125931231834, guid: 9d1aa4c48b31c3047acbec0c7abed4d7,
        type: 3}
      propertyPath: m_Name
      value: Toucan_LOD1
      objectReference: {fileID: 0}
    m_RemovedComponents: []
  m_SourcePrefab: {fileID: 100100000, guid: 9d1aa4c48b31c3047acbec0c7abed4d7, type: 3}
--- !u!4 &7909819046451564460 stripped
Transform:
  m_CorrespondingSourceObject: {fileID: 6267944520312963296, guid: 9d1aa4c48b31c3047acbec0c7abed4d7,
    type: 3}
  m_PrefabInstance: {fileID: 4267552995555741516}
  m_PrefabAsset: {fileID: 0}
--- !u!137 &1007090227597543731 stripped
SkinnedMeshRenderer:
  m_CorrespondingSourceObject: {fileID: 3945298336650167935, guid: 9d1aa4c48b31c3047acbec0c7abed4d7,
    type: 3}
  m_PrefabInstance: {fileID: 4267552995555741516}
  m_PrefabAsset: {fileID: 0}
--- !u!1001 &5486919946691121559
PrefabInstance:
  m_ObjectHideFlags: 0
  serializedVersion: 2
  m_Modification:
    m_TransformParent: {fileID: 7660600971129686891}
    m_Modifications:
    - target: {fileID: 2440992904617054508, guid: 4b4377ac79eedee47a8ea4cad4a44b8f,
        type: 3}
      propertyPath: m_RootOrder
      value: 0
      objectReference: {fileID: 0}
    - target: {fileID: 2440992904617054508, guid: 4b4377ac79eedee47a8ea4cad4a44b8f,
        type: 3}
      propertyPath: m_LocalPosition.x
      value: 0
      objectReference: {fileID: 0}
    - target: {fileID: 2440992904617054508, guid: 4b4377ac79eedee47a8ea4cad4a44b8f,
        type: 3}
      propertyPath: m_LocalPosition.y
      value: 0
      objectReference: {fileID: 0}
    - target: {fileID: 2440992904617054508, guid: 4b4377ac79eedee47a8ea4cad4a44b8f,
        type: 3}
      propertyPath: m_LocalPosition.z
      value: 0
      objectReference: {fileID: 0}
    - target: {fileID: 2440992904617054508, guid: 4b4377ac79eedee47a8ea4cad4a44b8f,
        type: 3}
      propertyPath: m_LocalRotation.w
      value: 1
      objectReference: {fileID: 0}
    - target: {fileID: 2440992904617054508, guid: 4b4377ac79eedee47a8ea4cad4a44b8f,
        type: 3}
      propertyPath: m_LocalRotation.x
      value: -0
      objectReference: {fileID: 0}
    - target: {fileID: 2440992904617054508, guid: 4b4377ac79eedee47a8ea4cad4a44b8f,
        type: 3}
      propertyPath: m_LocalRotation.y
      value: -0
      objectReference: {fileID: 0}
    - target: {fileID: 2440992904617054508, guid: 4b4377ac79eedee47a8ea4cad4a44b8f,
        type: 3}
      propertyPath: m_LocalRotation.z
      value: -0
      objectReference: {fileID: 0}
    - target: {fileID: 2440992904617054508, guid: 4b4377ac79eedee47a8ea4cad4a44b8f,
        type: 3}
      propertyPath: m_LocalEulerAnglesHint.x
      value: 0
      objectReference: {fileID: 0}
    - target: {fileID: 2440992904617054508, guid: 4b4377ac79eedee47a8ea4cad4a44b8f,
        type: 3}
      propertyPath: m_LocalEulerAnglesHint.y
      value: 0
      objectReference: {fileID: 0}
    - target: {fileID: 2440992904617054508, guid: 4b4377ac79eedee47a8ea4cad4a44b8f,
        type: 3}
      propertyPath: m_LocalEulerAnglesHint.z
      value: 0
      objectReference: {fileID: 0}
    - target: {fileID: 3074822413771508630, guid: 4b4377ac79eedee47a8ea4cad4a44b8f,
        type: 3}
      propertyPath: m_Name
      value: Toucan_LOD0
      objectReference: {fileID: 0}
    m_RemovedComponents: []
  m_SourcePrefab: {fileID: 100100000, guid: 4b4377ac79eedee47a8ea4cad4a44b8f, type: 3}
--- !u!4 &7909819047426212027 stripped
Transform:
  m_CorrespondingSourceObject: {fileID: 2440992904617054508, guid: 4b4377ac79eedee47a8ea4cad4a44b8f,
    type: 3}
  m_PrefabInstance: {fileID: 5486919946691121559}
  m_PrefabAsset: {fileID: 0}
--- !u!137 &1007090227225822756 stripped
SkinnedMeshRenderer:
  m_CorrespondingSourceObject: {fileID: 4745830453063686067, guid: 4b4377ac79eedee47a8ea4cad4a44b8f,
    type: 3}
  m_PrefabInstance: {fileID: 5486919946691121559}
  m_PrefabAsset: {fileID: 0}
--- !u!1001 &8327790008838671048
PrefabInstance:
  m_ObjectHideFlags: 0
  serializedVersion: 2
  m_Modification:
    m_TransformParent: {fileID: 7660600971129686891}
    m_Modifications:
    - target: {fileID: 1521304959020363018, guid: 233e35f0172e7254a9fef7de73dcdee1,
        type: 3}
      propertyPath: m_Name
      value: Toucan_LOD3
      objectReference: {fileID: 0}
    - target: {fileID: 2186236349110204336, guid: 233e35f0172e7254a9fef7de73dcdee1,
        type: 3}
      propertyPath: m_RootOrder
      value: 3
      objectReference: {fileID: 0}
    - target: {fileID: 2186236349110204336, guid: 233e35f0172e7254a9fef7de73dcdee1,
        type: 3}
      propertyPath: m_LocalPosition.x
      value: 0
      objectReference: {fileID: 0}
    - target: {fileID: 2186236349110204336, guid: 233e35f0172e7254a9fef7de73dcdee1,
        type: 3}
      propertyPath: m_LocalPosition.y
      value: 0
      objectReference: {fileID: 0}
    - target: {fileID: 2186236349110204336, guid: 233e35f0172e7254a9fef7de73dcdee1,
        type: 3}
      propertyPath: m_LocalPosition.z
      value: 0
      objectReference: {fileID: 0}
    - target: {fileID: 2186236349110204336, guid: 233e35f0172e7254a9fef7de73dcdee1,
        type: 3}
      propertyPath: m_LocalRotation.w
      value: 1
      objectReference: {fileID: 0}
    - target: {fileID: 2186236349110204336, guid: 233e35f0172e7254a9fef7de73dcdee1,
        type: 3}
      propertyPath: m_LocalRotation.x
      value: -0
      objectReference: {fileID: 0}
    - target: {fileID: 2186236349110204336, guid: 233e35f0172e7254a9fef7de73dcdee1,
        type: 3}
      propertyPath: m_LocalRotation.y
      value: -0
      objectReference: {fileID: 0}
    - target: {fileID: 2186236349110204336, guid: 233e35f0172e7254a9fef7de73dcdee1,
        type: 3}
      propertyPath: m_LocalRotation.z
      value: -0
      objectReference: {fileID: 0}
    - target: {fileID: 2186236349110204336, guid: 233e35f0172e7254a9fef7de73dcdee1,
        type: 3}
      propertyPath: m_LocalEulerAnglesHint.x
      value: 0
      objectReference: {fileID: 0}
    - target: {fileID: 2186236349110204336, guid: 233e35f0172e7254a9fef7de73dcdee1,
        type: 3}
      propertyPath: m_LocalEulerAnglesHint.y
      value: 0
      objectReference: {fileID: 0}
    - target: {fileID: 2186236349110204336, guid: 233e35f0172e7254a9fef7de73dcdee1,
        type: 3}
      propertyPath: m_LocalEulerAnglesHint.z
      value: 0
      objectReference: {fileID: 0}
    m_RemovedComponents: []
  m_SourcePrefab: {fileID: 100100000, guid: 233e35f0172e7254a9fef7de73dcdee1, type: 3}
--- !u!4 &7909819046078643576 stripped
Transform:
  m_CorrespondingSourceObject: {fileID: 2186236349110204336, guid: 233e35f0172e7254a9fef7de73dcdee1,
    type: 3}
  m_PrefabInstance: {fileID: 8327790008838671048}
  m_PrefabAsset: {fileID: 0}
--- !u!137 &1007090225887296487 stripped
SkinnedMeshRenderer:
  m_CorrespondingSourceObject: {fileID: 9109559228081107247, guid: 233e35f0172e7254a9fef7de73dcdee1,
    type: 3}
  m_PrefabInstance: {fileID: 8327790008838671048}
  m_PrefabAsset: {fileID: 0}
