%YAML 1.1
%TAG !u! tag:unity3d.com,2011:
--- !u!114 &6517524157009651159
MonoBehaviour:
  m_ObjectHideFlags: 0
  m_CorrespondingSourceObject: {fileID: 0}
  m_PrefabInstance: {fileID: 0}
  m_PrefabAsset: {fileID: 0}
  m_GameObject: {fileID: 6454508938068093599}
  m_Enabled: 1
  m_EditorHideFlags: 0
  m_Script: {fileID: 11500000, guid: 1e3fdca004f2d45fe8abbed571a8abd5, type: 3}
  m_Name: 
  m_EditorClassIdentifier: 
  m_OverrideArea: 1
  m_Area: 1
  m_IgnoreFromBuild: 0
  m_AffectedAgents: 
--- !u!114 &6517524157441756698
MonoBehaviour:
  m_ObjectHideFlags: 0
  m_CorrespondingSourceObject: {fileID: 0}
  m_PrefabInstance: {fileID: 0}
  m_PrefabAsset: {fileID: 0}
  m_GameObject: {fileID: 6454508938516775252}
  m_Enabled: 1
  m_EditorHideFlags: 0
  m_Script: {fileID: 11500000, guid: 1e3fdca004f2d45fe8abbed571a8abd5, type: 3}
  m_Name: 
  m_EditorClassIdentifier: 
  m_OverrideArea: 1
  m_Area: 1
  m_IgnoreFromBuild: 0
  m_AffectedAgents: 
--- !u!114 &6517524158056440707
MonoBehaviour:
  m_ObjectHideFlags: 0
  m_CorrespondingSourceObject: {fileID: 0}
  m_PrefabInstance: {fileID: 0}
  m_PrefabAsset: {fileID: 0}
  m_GameObject: {fileID: 6454508938882184990}
  m_Enabled: 1
  m_EditorHideFlags: 0
  m_Script: {fileID: 11500000, guid: 1e3fdca004f2d45fe8abbed571a8abd5, type: 3}
  m_Name: 
  m_EditorClassIdentifier: 
  m_OverrideArea: 1
  m_Area: 1
  m_IgnoreFromBuild: 0
  m_AffectedAgents: 
--- !u!114 &6517524158486995527
MonoBehaviour:
  m_ObjectHideFlags: 0
  m_CorrespondingSourceObject: {fileID: 0}
  m_PrefabInstance: {fileID: 0}
  m_PrefabAsset: {fileID: 0}
  m_GameObject: {fileID: 6454508939012647661}
  m_Enabled: 1
  m_EditorHideFlags: 0
  m_Script: {fileID: 11500000, guid: 1e3fdca004f2d45fe8abbed571a8abd5, type: 3}
  m_Name: 
  m_EditorClassIdentifier: 
  m_OverrideArea: 1
  m_Area: 1
  m_IgnoreFromBuild: 0
  m_AffectedAgents: 
--- !u!114 &6517524158085412322
MonoBehaviour:
  m_ObjectHideFlags: 0
  m_CorrespondingSourceObject: {fileID: 0}
  m_PrefabInstance: {fileID: 0}
  m_PrefabAsset: {fileID: 0}
  m_GameObject: {fileID: 6454508939139791532}
  m_Enabled: 1
  m_EditorHideFlags: 0
  m_Script: {fileID: 11500000, guid: 1e3fdca004f2d45fe8abbed571a8abd5, type: 3}
  m_Name: 
  m_EditorClassIdentifier: 
  m_OverrideArea: 1
  m_Area: 1
  m_IgnoreFromBuild: 0
  m_AffectedAgents: 
--- !u!114 &6517524158481400371
MonoBehaviour:
  m_ObjectHideFlags: 0
  m_CorrespondingSourceObject: {fileID: 0}
  m_PrefabInstance: {fileID: 0}
  m_PrefabAsset: {fileID: 0}
  m_GameObject: {fileID: 6454508939558522179}
  m_Enabled: 1
  m_EditorHideFlags: 0
  m_Script: {fileID: 11500000, guid: 1e3fdca004f2d45fe8abbed571a8abd5, type: 3}
  m_Name: 
  m_EditorClassIdentifier: 
  m_OverrideArea: 1
  m_Area: 1
  m_IgnoreFromBuild: 0
  m_AffectedAgents: 
--- !u!1 &6517524157086137312
GameObject:
  m_ObjectHideFlags: 0
  m_CorrespondingSourceObject: {fileID: 0}
  m_PrefabInstance: {fileID: 0}
  m_PrefabAsset: {fileID: 0}
  serializedVersion: 6
  m_Component:
  - component: {fileID: 6517524157086137315}
  - component: {fileID: 6517524157086137314}
  m_Layer: 0
  m_Name: GroundShadow
  m_TagString: Untagged
  m_Icon: {fileID: 0}
  m_NavMeshLayer: 0
  m_StaticEditorFlags: 0
  m_IsActive: 1
--- !u!4 &6517524157086137315
Transform:
  m_ObjectHideFlags: 0
  m_CorrespondingSourceObject: {fileID: 0}
  m_PrefabInstance: {fileID: 0}
  m_PrefabAsset: {fileID: 0}
  m_GameObject: {fileID: 6517524157086137312}
  m_LocalRotation: {x: 0.70710576, y: -0, z: -0, w: 0.70710784}
  m_LocalPosition: {x: 3.15, y: 0.5, z: 6.72}
  m_LocalScale: {x: 0.66443413, y: 0.66443413, z: 0.66443413}
  m_Children: []
  m_Father: {fileID: 6517524158487234323}
  m_RootOrder: 2
  m_LocalEulerAnglesHint: {x: 90, y: 0, z: 0}
--- !u!212 &6517524157086137314
SpriteRenderer:
  m_ObjectHideFlags: 0
  m_CorrespondingSourceObject: {fileID: 0}
  m_PrefabInstance: {fileID: 0}
  m_PrefabAsset: {fileID: 0}
  m_GameObject: {fileID: 6517524157086137312}
  m_Enabled: 1
  m_CastShadows: 0
  m_ReceiveShadows: 0
  m_DynamicOccludee: 1
  m_MotionVectors: 1
  m_LightProbeUsage: 1
  m_ReflectionProbeUsage: 1
  m_RayTracingMode: 0
  m_RenderingLayerMask: 1
  m_RendererPriority: 0
  m_Materials:
  - {fileID: 10754, guid: 0000000000000000f000000000000000, type: 0}
  m_StaticBatchInfo:
    firstSubMesh: 0
    subMeshCount: 0
  m_StaticBatchRoot: {fileID: 0}
  m_ProbeAnchor: {fileID: 0}
  m_LightProbeVolumeOverride: {fileID: 0}
  m_ScaleInLightmap: 1
  m_ReceiveGI: 1
  m_PreserveUVs: 0
  m_IgnoreNormalsForChartDetection: 0
  m_ImportantGI: 0
  m_StitchLightmapSeams: 1
  m_SelectedEditorRenderState: 0
  m_MinimumChartSize: 4
  m_AutoUVMaxDistance: 0.5
  m_AutoUVMaxAngle: 89
  m_LightmapParameters: {fileID: 0}
  m_SortingLayerID: 0
  m_SortingLayer: 0
  m_SortingOrder: 0
  m_Sprite: {fileID: 21300000, guid: 8621597f49aab451e8200de2ce8e5c88, type: 3}
  m_Color: {r: 0, g: 0.7019608, b: 0.23486134, a: 0.16470589}
  m_FlipX: 0
  m_FlipY: 0
  m_DrawMode: 0
  m_Size: {x: 10.24, y: 10.24}
  m_AdaptiveModeThreshold: 0.5
  m_SpriteTileMode: 0
  m_WasSpriteAssigned: 1
  m_MaskInteraction: 0
  m_SpriteSortPoint: 0
--- !u!1 &6517524157342506359
GameObject:
  m_ObjectHideFlags: 0
  m_CorrespondingSourceObject: {fileID: 0}
  m_PrefabInstance: {fileID: 0}
  m_PrefabAsset: {fileID: 0}
  serializedVersion: 6
  m_Component:
  - component: {fileID: 6517524157342506358}
  m_Layer: 0
  m_Name: Fences
  m_TagString: Untagged
  m_Icon: {fileID: 0}
  m_NavMeshLayer: 0
  m_StaticEditorFlags: 0
  m_IsActive: 1
--- !u!4 &6517524157342506358
Transform:
  m_ObjectHideFlags: 0
  m_CorrespondingSourceObject: {fileID: 0}
  m_PrefabInstance: {fileID: 0}
  m_PrefabAsset: {fileID: 0}
  m_GameObject: {fileID: 6517524157342506359}
  m_LocalRotation: {x: -0, y: -0, z: -0, w: 1}
  m_LocalPosition: {x: 0, y: 0, z: 0}
  m_LocalScale: {x: 1, y: 1, z: 1}
  m_Children:
  - {fileID: 6771264079366981631}
  - {fileID: 5969755511436324260}
  - {fileID: 5969755511315165271}
  - {fileID: 5969755510692935553}
  - {fileID: 5969755510735379438}
  - {fileID: 5969755511175884837}
  - {fileID: 5969755511842166777}
  - {fileID: 5969755512251801622}
  m_Father: {fileID: 6517524158487234323}
  m_RootOrder: 0
  m_LocalEulerAnglesHint: {x: 0, y: 0, z: 0}
--- !u!1 &6517524158487234320
GameObject:
  m_ObjectHideFlags: 0
  m_CorrespondingSourceObject: {fileID: 0}
  m_PrefabInstance: {fileID: 0}
  m_PrefabAsset: {fileID: 0}
  serializedVersion: 6
  m_Component:
  - component: {fileID: 6517524158487234323}
  - component: {fileID: 6517524158487234322}
  m_Layer: 0
  m_Name: GrazeZone
  m_TagString: Untagged
  m_Icon: {fileID: 0}
  m_NavMeshLayer: 0
  m_StaticEditorFlags: 0
  m_IsActive: 1
--- !u!4 &6517524158487234323
Transform:
  m_ObjectHideFlags: 0
  m_CorrespondingSourceObject: {fileID: 0}
  m_PrefabInstance: {fileID: 0}
  m_PrefabAsset: {fileID: 0}
  m_GameObject: {fileID: 6517524158487234320}
  m_LocalRotation: {x: 0, y: 0, z: 0, w: 1}
  m_LocalPosition: {x: 0, y: 0, z: 0}
  m_LocalScale: {x: 1, y: 1, z: 1}
  m_Children:
  - {fileID: 6517524157342506358}
  - {fileID: 6517524158952720118}
  - {fileID: 6517524157086137315}
  m_Father: {fileID: 0}
  m_RootOrder: 0
  m_LocalEulerAnglesHint: {x: 0, y: 0, z: 0}
--- !u!114 &6517524158487234322
MonoBehaviour:
  m_ObjectHideFlags: 0
  m_CorrespondingSourceObject: {fileID: 0}
  m_PrefabInstance: {fileID: 0}
  m_PrefabAsset: {fileID: 0}
  m_GameObject: {fileID: 6517524158487234320}
  m_Enabled: 1
  m_EditorHideFlags: 0
  m_Script: {fileID: 11500000, guid: 04c7d369542e14434a714b9d47c1849d, type: 3}
  m_Name: 
  m_EditorClassIdentifier: 
  m_waterFeeder: {fileID: 6517524158893893506}
  m_foodFeeder: {fileID: 4851974508550620428}
--- !u!1 &6517524158952720119
GameObject:
  m_ObjectHideFlags: 0
  m_CorrespondingSourceObject: {fileID: 0}
  m_PrefabInstance: {fileID: 0}
  m_PrefabAsset: {fileID: 0}
  serializedVersion: 6
  m_Component:
  - component: {fileID: 6517524158952720118}
  m_Layer: 0
  m_Name: Feeders
  m_TagString: Untagged
  m_Icon: {fileID: 0}
  m_NavMeshLayer: 0
  m_StaticEditorFlags: 0
  m_IsActive: 1
--- !u!4 &6517524158952720118
Transform:
  m_ObjectHideFlags: 0
  m_CorrespondingSourceObject: {fileID: 0}
  m_PrefabInstance: {fileID: 0}
  m_PrefabAsset: {fileID: 0}
  m_GameObject: {fileID: 6517524158952720119}
  m_LocalRotation: {x: -0, y: 0.70710576, z: -0, w: 0.70710784}
  m_LocalPosition: {x: -1.38, y: 0, z: 8.59}
  m_LocalScale: {x: 1, y: 1, z: 0.67949}
  m_Children:
  - {fileID: 6517524158893893507}
  - {fileID: 5196729246237155255}
  m_Father: {fileID: 6517524158487234323}
  m_RootOrder: 1
  m_LocalEulerAnglesHint: {x: 0, y: 90, z: 0}
--- !u!1001 &2863748901092793472
PrefabInstance:
  m_ObjectHideFlags: 0
  serializedVersion: 2
  m_Modification:
    m_TransformParent: {fileID: 6517524158952720118}
    m_Modifications:
    - target: {fileID: 7272109880568453517, guid: 3df82eb58930b467c845866ee3a6ffac,
        type: 3}
      propertyPath: m_Name
      value: Feeder_Food
      objectReference: {fileID: 0}
    - target: {fileID: 7272109880568453519, guid: 3df82eb58930b467c845866ee3a6ffac,
        type: 3}
      propertyPath: m_Size.x
      value: 0.37570244
      objectReference: {fileID: 0}
    - target: {fileID: 7272109880568453519, guid: 3df82eb58930b467c845866ee3a6ffac,
        type: 3}
      propertyPath: m_Center.x
      value: 0.05012436
      objectReference: {fileID: 0}
    - target: {fileID: 7272109880568453519, guid: 3df82eb58930b467c845866ee3a6ffac,
        type: 3}
      propertyPath: m_Center.y
      value: 0.00024453376
      objectReference: {fileID: 0}
    - target: {fileID: 8043545227909415735, guid: 3df82eb58930b467c845866ee3a6ffac,
        type: 3}
      propertyPath: m_RootOrder
      value: 1
      objectReference: {fileID: 0}
    - target: {fileID: 8043545227909415735, guid: 3df82eb58930b467c845866ee3a6ffac,
        type: 3}
      propertyPath: m_LocalPosition.x
      value: 6.44
      objectReference: {fileID: 0}
    - target: {fileID: 8043545227909415735, guid: 3df82eb58930b467c845866ee3a6ffac,
        type: 3}
      propertyPath: m_LocalPosition.y
      value: 0.618
      objectReference: {fileID: 0}
    - target: {fileID: 8043545227909415735, guid: 3df82eb58930b467c845866ee3a6ffac,
        type: 3}
      propertyPath: m_LocalPosition.z
      value: 4.96
      objectReference: {fileID: 0}
    - target: {fileID: 8043545227909415735, guid: 3df82eb58930b467c845866ee3a6ffac,
        type: 3}
      propertyPath: m_LocalRotation.w
      value: 0.5000007
      objectReference: {fileID: 0}
    - target: {fileID: 8043545227909415735, guid: 3df82eb58930b467c845866ee3a6ffac,
        type: 3}
      propertyPath: m_LocalRotation.x
      value: -0.5000007
      objectReference: {fileID: 0}
    - target: {fileID: 8043545227909415735, guid: 3df82eb58930b467c845866ee3a6ffac,
        type: 3}
      propertyPath: m_LocalRotation.y
      value: 0.4999993
      objectReference: {fileID: 0}
    - target: {fileID: 8043545227909415735, guid: 3df82eb58930b467c845866ee3a6ffac,
        type: 3}
      propertyPath: m_LocalRotation.z
      value: 0.4999993
      objectReference: {fileID: 0}
    - target: {fileID: 8043545227909415735, guid: 3df82eb58930b467c845866ee3a6ffac,
        type: 3}
      propertyPath: m_LocalEulerAnglesHint.x
      value: -90
      objectReference: {fileID: 0}
    - target: {fileID: 8043545227909415735, guid: 3df82eb58930b467c845866ee3a6ffac,
        type: 3}
      propertyPath: m_LocalEulerAnglesHint.y
      value: 0
      objectReference: {fileID: 0}
    - target: {fileID: 8043545227909415735, guid: 3df82eb58930b467c845866ee3a6ffac,
        type: 3}
      propertyPath: m_LocalEulerAnglesHint.z
      value: 90
      objectReference: {fileID: 0}
    m_RemovedComponents: []
  m_SourcePrefab: {fileID: 100100000, guid: 3df82eb58930b467c845866ee3a6ffac, type: 3}
--- !u!4 &5196729246237155255 stripped
Transform:
  m_CorrespondingSourceObject: {fileID: 8043545227909415735, guid: 3df82eb58930b467c845866ee3a6ffac,
    type: 3}
  m_PrefabInstance: {fileID: 2863748901092793472}
  m_PrefabAsset: {fileID: 0}
--- !u!114 &4851974508550620428 stripped
MonoBehaviour:
  m_CorrespondingSourceObject: {fileID: 7272109880568453516, guid: 3df82eb58930b467c845866ee3a6ffac,
    type: 3}
  m_PrefabInstance: {fileID: 2863748901092793472}
  m_PrefabAsset: {fileID: 0}
  m_GameObject: {fileID: 0}
  m_Enabled: 1
  m_EditorHideFlags: 0
  m_Script: {fileID: 11500000, guid: b9c5f5e04fb664bd08feda063693f026, type: 3}
  m_Name: 
  m_EditorClassIdentifier: 
--- !u!1001 &3651888488753061831
PrefabInstance:
  m_ObjectHideFlags: 0
  serializedVersion: 2
  m_Modification:
    m_TransformParent: {fileID: 6517524158952720118}
    m_Modifications:
    - target: {fileID: 7556187553164130370, guid: 5fd51bdecddeb452f9c93418c19812b4,
        type: 3}
      propertyPath: m_Size.x
      value: 0.43378848
      objectReference: {fileID: 0}
    - target: {fileID: 7556187553164130370, guid: 5fd51bdecddeb452f9c93418c19812b4,
        type: 3}
      propertyPath: m_Size.y
      value: 0.24069342
      objectReference: {fileID: 0}
    - target: {fileID: 7556187553164130370, guid: 5fd51bdecddeb452f9c93418c19812b4,
        type: 3}
      propertyPath: m_Center.x
      value: -0.08158103
      objectReference: {fileID: 0}
    - target: {fileID: 7556187553164130370, guid: 5fd51bdecddeb452f9c93418c19812b4,
        type: 3}
      propertyPath: m_Center.y
      value: -0.0007218133
      objectReference: {fileID: 0}
    - target: {fileID: 7556187553164130370, guid: 5fd51bdecddeb452f9c93418c19812b4,
        type: 3}
      propertyPath: m_Center.z
      value: -0.0000000011855648
      objectReference: {fileID: 0}
    - target: {fileID: 7556187553164130372, guid: 5fd51bdecddeb452f9c93418c19812b4,
        type: 3}
      propertyPath: m_RootOrder
      value: 0
      objectReference: {fileID: 0}
    - target: {fileID: 7556187553164130372, guid: 5fd51bdecddeb452f9c93418c19812b4,
        type: 3}
      propertyPath: m_LocalPosition.x
      value: 6.44
      objectReference: {fileID: 0}
    - target: {fileID: 7556187553164130372, guid: 5fd51bdecddeb452f9c93418c19812b4,
        type: 3}
      propertyPath: m_LocalPosition.y
      value: 0.618
      objectReference: {fileID: 0}
    - target: {fileID: 7556187553164130372, guid: 5fd51bdecddeb452f9c93418c19812b4,
        type: 3}
      propertyPath: m_LocalPosition.z
      value: 8.47
      objectReference: {fileID: 0}
    - target: {fileID: 7556187553164130372, guid: 5fd51bdecddeb452f9c93418c19812b4,
        type: 3}
      propertyPath: m_LocalRotation.w
      value: 0.5000007
      objectReference: {fileID: 0}
    - target: {fileID: 7556187553164130372, guid: 5fd51bdecddeb452f9c93418c19812b4,
        type: 3}
      propertyPath: m_LocalRotation.x
      value: -0.5000007
      objectReference: {fileID: 0}
    - target: {fileID: 7556187553164130372, guid: 5fd51bdecddeb452f9c93418c19812b4,
        type: 3}
      propertyPath: m_LocalRotation.y
      value: 0.4999993
      objectReference: {fileID: 0}
    - target: {fileID: 7556187553164130372, guid: 5fd51bdecddeb452f9c93418c19812b4,
        type: 3}
      propertyPath: m_LocalRotation.z
      value: 0.4999993
      objectReference: {fileID: 0}
    - target: {fileID: 7556187553164130372, guid: 5fd51bdecddeb452f9c93418c19812b4,
        type: 3}
      propertyPath: m_LocalEulerAnglesHint.x
      value: -90
      objectReference: {fileID: 0}
    - target: {fileID: 7556187553164130372, guid: 5fd51bdecddeb452f9c93418c19812b4,
        type: 3}
      propertyPath: m_LocalEulerAnglesHint.y
      value: 0
      objectReference: {fileID: 0}
    - target: {fileID: 7556187553164130372, guid: 5fd51bdecddeb452f9c93418c19812b4,
        type: 3}
      propertyPath: m_LocalEulerAnglesHint.z
      value: 90
      objectReference: {fileID: 0}
    - target: {fileID: 7556187553164130393, guid: 5fd51bdecddeb452f9c93418c19812b4,
        type: 3}
      propertyPath: m_Name
      value: Feeder_Water
      objectReference: {fileID: 0}
    m_RemovedComponents: []
  m_SourcePrefab: {fileID: 100100000, guid: 5fd51bdecddeb452f9c93418c19812b4, type: 3}
--- !u!4 &6517524158893893507 stripped
Transform:
  m_CorrespondingSourceObject: {fileID: 7556187553164130372, guid: 5fd51bdecddeb452f9c93418c19812b4,
    type: 3}
  m_PrefabInstance: {fileID: 3651888488753061831}
  m_PrefabAsset: {fileID: 0}
--- !u!114 &6517524158893893506 stripped
MonoBehaviour:
  m_CorrespondingSourceObject: {fileID: 7556187553164130373, guid: 5fd51bdecddeb452f9c93418c19812b4,
    type: 3}
  m_PrefabInstance: {fileID: 3651888488753061831}
  m_PrefabAsset: {fileID: 0}
  m_GameObject: {fileID: 0}
  m_Enabled: 1
  m_EditorHideFlags: 0
  m_Script: {fileID: 11500000, guid: b9c5f5e04fb664bd08feda063693f026, type: 3}
  m_Name: 
  m_EditorClassIdentifier: 
--- !u!1001 &6148095735860548104
PrefabInstance:
  m_ObjectHideFlags: 0
  serializedVersion: 2
  m_Modification:
    m_TransformParent: {fileID: 6517524157342506358}
    m_Modifications:
    - target: {fileID: 279751071406460749, guid: 00761dd4a1ebc46818a7117faf62072b,
        type: 3}
      propertyPath: m_Name
      value: Fence01
      objectReference: {fileID: 0}
    - target: {fileID: 279751071406460749, guid: 00761dd4a1ebc46818a7117faf62072b,
        type: 3}
      propertyPath: m_IsActive
      value: 0
      objectReference: {fileID: 0}
    - target: {fileID: 624365042057860599, guid: 00761dd4a1ebc46818a7117faf62072b,
        type: 3}
      propertyPath: m_RootOrder
      value: 0
      objectReference: {fileID: 0}
    - target: {fileID: 624365042057860599, guid: 00761dd4a1ebc46818a7117faf62072b,
        type: 3}
      propertyPath: m_LocalPosition.x
      value: -1.0290343
      objectReference: {fileID: 0}
    - target: {fileID: 624365042057860599, guid: 00761dd4a1ebc46818a7117faf62072b,
        type: 3}
      propertyPath: m_LocalPosition.y
      value: 0.27
      objectReference: {fileID: 0}
    - target: {fileID: 624365042057860599, guid: 00761dd4a1ebc46818a7117faf62072b,
        type: 3}
      propertyPath: m_LocalPosition.z
      value: 2.7690275
      objectReference: {fileID: 0}
    - target: {fileID: 624365042057860599, guid: 00761dd4a1ebc46818a7117faf62072b,
        type: 3}
      propertyPath: m_LocalRotation.w
      value: -0.00000035762784
      objectReference: {fileID: 0}
    - target: {fileID: 624365042057860599, guid: 00761dd4a1ebc46818a7117faf62072b,
        type: 3}
      propertyPath: m_LocalRotation.x
      value: -0
      objectReference: {fileID: 0}
    - target: {fileID: 624365042057860599, guid: 00761dd4a1ebc46818a7117faf62072b,
        type: 3}
      propertyPath: m_LocalRotation.y
      value: 1
      objectReference: {fileID: 0}
    - target: {fileID: 624365042057860599, guid: 00761dd4a1ebc46818a7117faf62072b,
        type: 3}
      propertyPath: m_LocalRotation.z
      value: -0
      objectReference: {fileID: 0}
    - target: {fileID: 624365042057860599, guid: 00761dd4a1ebc46818a7117faf62072b,
        type: 3}
      propertyPath: m_LocalEulerAnglesHint.x
      value: 0
      objectReference: {fileID: 0}
    - target: {fileID: 624365042057860599, guid: 00761dd4a1ebc46818a7117faf62072b,
        type: 3}
      propertyPath: m_LocalEulerAnglesHint.y
      value: 180
      objectReference: {fileID: 0}
    - target: {fileID: 624365042057860599, guid: 00761dd4a1ebc46818a7117faf62072b,
        type: 3}
      propertyPath: m_LocalEulerAnglesHint.z
      value: 0
      objectReference: {fileID: 0}
    m_RemovedComponents: []
  m_SourcePrefab: {fileID: 100100000, guid: 00761dd4a1ebc46818a7117faf62072b, type: 3}
--- !u!4 &6771264079366981631 stripped
Transform:
  m_CorrespondingSourceObject: {fileID: 624365042057860599, guid: 00761dd4a1ebc46818a7117faf62072b,
    type: 3}
  m_PrefabInstance: {fileID: 6148095735860548104}
  m_PrefabAsset: {fileID: 0}
--- !u!1001 &6517524157009651154
PrefabInstance:
  m_ObjectHideFlags: 0
  serializedVersion: 2
  m_Modification:
    m_TransformParent: {fileID: 6517524157342506358}
    m_Modifications:
    - target: {fileID: 279751071406460749, guid: 00761dd4a1ebc46818a7117faf62072b,
        type: 3}
      propertyPath: m_Name
      value: Fence01 (9)
      objectReference: {fileID: 0}
    - target: {fileID: 624365042057860599, guid: 00761dd4a1ebc46818a7117faf62072b,
        type: 3}
      propertyPath: m_RootOrder
      value: 5
      objectReference: {fileID: 0}
    - target: {fileID: 624365042057860599, guid: 00761dd4a1ebc46818a7117faf62072b,
        type: 3}
      propertyPath: m_LocalScale.z
      value: 1.0032299
      objectReference: {fileID: 0}
    - target: {fileID: 624365042057860599, guid: 00761dd4a1ebc46818a7117faf62072b,
        type: 3}
      propertyPath: m_LocalPosition.x
      value: 5.19
      objectReference: {fileID: 0}
    - target: {fileID: 624365042057860599, guid: 00761dd4a1ebc46818a7117faf62072b,
        type: 3}
      propertyPath: m_LocalPosition.y
      value: 0.27
      objectReference: {fileID: 0}
    - target: {fileID: 624365042057860599, guid: 00761dd4a1ebc46818a7117faf62072b,
        type: 3}
      propertyPath: m_LocalPosition.z
      value: 1.97
      objectReference: {fileID: 0}
    - target: {fileID: 624365042057860599, guid: 00761dd4a1ebc46818a7117faf62072b,
        type: 3}
      propertyPath: m_LocalRotation.w
      value: -0.7071069
      objectReference: {fileID: 0}
    - target: {fileID: 624365042057860599, guid: 00761dd4a1ebc46818a7117faf62072b,
        type: 3}
      propertyPath: m_LocalRotation.x
      value: -0
      objectReference: {fileID: 0}
    - target: {fileID: 624365042057860599, guid: 00761dd4a1ebc46818a7117faf62072b,
        type: 3}
      propertyPath: m_LocalRotation.y
      value: -0.7071067
      objectReference: {fileID: 0}
    - target: {fileID: 624365042057860599, guid: 00761dd4a1ebc46818a7117faf62072b,
        type: 3}
      propertyPath: m_LocalRotation.z
      value: -0
      objectReference: {fileID: 0}
    - target: {fileID: 624365042057860599, guid: 00761dd4a1ebc46818a7117faf62072b,
        type: 3}
      propertyPath: m_LocalEulerAnglesHint.x
      value: 0
      objectReference: {fileID: 0}
    - target: {fileID: 624365042057860599, guid: 00761dd4a1ebc46818a7117faf62072b,
        type: 3}
      propertyPath: m_LocalEulerAnglesHint.y
      value: 450
      objectReference: {fileID: 0}
    - target: {fileID: 624365042057860599, guid: 00761dd4a1ebc46818a7117faf62072b,
        type: 3}
      propertyPath: m_LocalEulerAnglesHint.z
      value: 0
      objectReference: {fileID: 0}
    - target: {fileID: 5172425862708197050, guid: 00761dd4a1ebc46818a7117faf62072b,
        type: 3}
      propertyPath: m_Carve
      value: 0
      objectReference: {fileID: 0}
    - target: {fileID: 5172425862708197050, guid: 00761dd4a1ebc46818a7117faf62072b,
        type: 3}
      propertyPath: m_Enabled
      value: 0
      objectReference: {fileID: 0}
    m_RemovedComponents:
    - {fileID: 5172425862708197050, guid: 00761dd4a1ebc46818a7117faf62072b, type: 3}
  m_SourcePrefab: {fileID: 100100000, guid: 00761dd4a1ebc46818a7117faf62072b, type: 3}
--- !u!4 &5969755511175884837 stripped
Transform:
  m_CorrespondingSourceObject: {fileID: 624365042057860599, guid: 00761dd4a1ebc46818a7117faf62072b,
    type: 3}
  m_PrefabInstance: {fileID: 6517524157009651154}
  m_PrefabAsset: {fileID: 0}
--- !u!1 &6454508938068093599 stripped
GameObject:
  m_CorrespondingSourceObject: {fileID: 279751071406460749, guid: 00761dd4a1ebc46818a7117faf62072b,
    type: 3}
  m_PrefabInstance: {fileID: 6517524157009651154}
  m_PrefabAsset: {fileID: 0}
--- !u!1001 &6517524157441756697
PrefabInstance:
  m_ObjectHideFlags: 0
  serializedVersion: 2
  m_Modification:
    m_TransformParent: {fileID: 6517524157342506358}
    m_Modifications:
    - target: {fileID: 279751071406460749, guid: 00761dd4a1ebc46818a7117faf62072b,
        type: 3}
      propertyPath: m_Name
      value: Fence01 (7)
      objectReference: {fileID: 0}
    - target: {fileID: 279751071406460749, guid: 00761dd4a1ebc46818a7117faf62072b,
        type: 3}
      propertyPath: m_IsActive
      value: 0
      objectReference: {fileID: 0}
    - target: {fileID: 624365042057860599, guid: 00761dd4a1ebc46818a7117faf62072b,
        type: 3}
      propertyPath: m_RootOrder
      value: 4
      objectReference: {fileID: 0}
    - target: {fileID: 624365042057860599, guid: 00761dd4a1ebc46818a7117faf62072b,
        type: 3}
      propertyPath: m_LocalScale.x
      value: 0.16092
      objectReference: {fileID: 0}
    - target: {fileID: 624365042057860599, guid: 00761dd4a1ebc46818a7117faf62072b,
        type: 3}
      propertyPath: m_LocalScale.z
      value: 1.2839
      objectReference: {fileID: 0}
    - target: {fileID: 624365042057860599, guid: 00761dd4a1ebc46818a7117faf62072b,
        type: 3}
      propertyPath: m_LocalPosition.x
      value: 7.35
      objectReference: {fileID: 0}
    - target: {fileID: 624365042057860599, guid: 00761dd4a1ebc46818a7117faf62072b,
        type: 3}
      propertyPath: m_LocalPosition.y
      value: 0.27
      objectReference: {fileID: 0}
    - target: {fileID: 624365042057860599, guid: 00761dd4a1ebc46818a7117faf62072b,
        type: 3}
      propertyPath: m_LocalPosition.z
      value: 8.55
      objectReference: {fileID: 0}
    - target: {fileID: 624365042057860599, guid: 00761dd4a1ebc46818a7117faf62072b,
        type: 3}
      propertyPath: m_LocalRotation.w
      value: -1
      objectReference: {fileID: 0}
    - target: {fileID: 624365042057860599, guid: 00761dd4a1ebc46818a7117faf62072b,
        type: 3}
      propertyPath: m_LocalRotation.x
      value: -0
      objectReference: {fileID: 0}
    - target: {fileID: 624365042057860599, guid: 00761dd4a1ebc46818a7117faf62072b,
        type: 3}
      propertyPath: m_LocalRotation.y
      value: 0.00000016391276
      objectReference: {fileID: 0}
    - target: {fileID: 624365042057860599, guid: 00761dd4a1ebc46818a7117faf62072b,
        type: 3}
      propertyPath: m_LocalRotation.z
      value: -0
      objectReference: {fileID: 0}
    - target: {fileID: 624365042057860599, guid: 00761dd4a1ebc46818a7117faf62072b,
        type: 3}
      propertyPath: m_LocalEulerAnglesHint.x
      value: 0
      objectReference: {fileID: 0}
    - target: {fileID: 624365042057860599, guid: 00761dd4a1ebc46818a7117faf62072b,
        type: 3}
      propertyPath: m_LocalEulerAnglesHint.y
      value: 360
      objectReference: {fileID: 0}
    - target: {fileID: 624365042057860599, guid: 00761dd4a1ebc46818a7117faf62072b,
        type: 3}
      propertyPath: m_LocalEulerAnglesHint.z
      value: 0
      objectReference: {fileID: 0}
    - target: {fileID: 2691845454113617894, guid: 00761dd4a1ebc46818a7117faf62072b,
        type: 3}
      propertyPath: m_Size.x
      value: 1.4793898
      objectReference: {fileID: 0}
    - target: {fileID: 2691845454113617894, guid: 00761dd4a1ebc46818a7117faf62072b,
        type: 3}
      propertyPath: m_Center.x
      value: -0.48734432
      objectReference: {fileID: 0}
    - target: {fileID: 2691845454113617894, guid: 00761dd4a1ebc46818a7117faf62072b,
        type: 3}
      propertyPath: m_Center.z
      value: -2
      objectReference: {fileID: 0}
    - target: {fileID: 5172425862708197050, guid: 00761dd4a1ebc46818a7117faf62072b,
        type: 3}
      propertyPath: m_Carve
      value: 0
      objectReference: {fileID: 0}
    - target: {fileID: 5172425862708197050, guid: 00761dd4a1ebc46818a7117faf62072b,
        type: 3}
      propertyPath: m_Enabled
      value: 0
      objectReference: {fileID: 0}
    m_RemovedComponents:
    - {fileID: 5172425862708197050, guid: 00761dd4a1ebc46818a7117faf62072b, type: 3}
  m_SourcePrefab: {fileID: 100100000, guid: 00761dd4a1ebc46818a7117faf62072b, type: 3}
--- !u!4 &5969755510735379438 stripped
Transform:
  m_CorrespondingSourceObject: {fileID: 624365042057860599, guid: 00761dd4a1ebc46818a7117faf62072b,
    type: 3}
  m_PrefabInstance: {fileID: 6517524157441756697}
  m_PrefabAsset: {fileID: 0}
--- !u!1 &6454508938516775252 stripped
GameObject:
  m_CorrespondingSourceObject: {fileID: 279751071406460749, guid: 00761dd4a1ebc46818a7117faf62072b,
    type: 3}
  m_PrefabInstance: {fileID: 6517524157441756697}
  m_PrefabAsset: {fileID: 0}
--- !u!1001 &6517524157466387062
PrefabInstance:
  m_ObjectHideFlags: 0
  serializedVersion: 2
  m_Modification:
    m_TransformParent: {fileID: 6517524157342506358}
    m_Modifications:
    - target: {fileID: 279751071406460749, guid: 00761dd4a1ebc46818a7117faf62072b,
        type: 3}
      propertyPath: m_Name
      value: Fence01 (6)
      objectReference: {fileID: 0}
    - target: {fileID: 279751071406460749, guid: 00761dd4a1ebc46818a7117faf62072b,
        type: 3}
      propertyPath: m_IsActive
      value: 0
      objectReference: {fileID: 0}
    - target: {fileID: 624365042057860599, guid: 00761dd4a1ebc46818a7117faf62072b,
        type: 3}
      propertyPath: m_RootOrder
      value: 3
      objectReference: {fileID: 0}
    - target: {fileID: 624365042057860599, guid: 00761dd4a1ebc46818a7117faf62072b,
        type: 3}
      propertyPath: m_LocalPosition.x
      value: -1.0290354
      objectReference: {fileID: 0}
    - target: {fileID: 624365042057860599, guid: 00761dd4a1ebc46818a7117faf62072b,
        type: 3}
      propertyPath: m_LocalPosition.y
      value: 0.27
      objectReference: {fileID: 0}
    - target: {fileID: 624365042057860599, guid: 00761dd4a1ebc46818a7117faf62072b,
        type: 3}
      propertyPath: m_LocalPosition.z
      value: 6.7690277
      objectReference: {fileID: 0}
    - target: {fileID: 624365042057860599, guid: 00761dd4a1ebc46818a7117faf62072b,
        type: 3}
      propertyPath: m_LocalRotation.w
      value: -0.00000035762784
      objectReference: {fileID: 0}
    - target: {fileID: 624365042057860599, guid: 00761dd4a1ebc46818a7117faf62072b,
        type: 3}
      propertyPath: m_LocalRotation.x
      value: -0
      objectReference: {fileID: 0}
    - target: {fileID: 624365042057860599, guid: 00761dd4a1ebc46818a7117faf62072b,
        type: 3}
      propertyPath: m_LocalRotation.y
      value: 1
      objectReference: {fileID: 0}
    - target: {fileID: 624365042057860599, guid: 00761dd4a1ebc46818a7117faf62072b,
        type: 3}
      propertyPath: m_LocalRotation.z
      value: -0
      objectReference: {fileID: 0}
    - target: {fileID: 624365042057860599, guid: 00761dd4a1ebc46818a7117faf62072b,
        type: 3}
      propertyPath: m_LocalEulerAnglesHint.x
      value: 0
      objectReference: {fileID: 0}
    - target: {fileID: 624365042057860599, guid: 00761dd4a1ebc46818a7117faf62072b,
        type: 3}
      propertyPath: m_LocalEulerAnglesHint.y
      value: 180
      objectReference: {fileID: 0}
    - target: {fileID: 624365042057860599, guid: 00761dd4a1ebc46818a7117faf62072b,
        type: 3}
      propertyPath: m_LocalEulerAnglesHint.z
      value: 0
      objectReference: {fileID: 0}
    m_RemovedComponents: []
  m_SourcePrefab: {fileID: 100100000, guid: 00761dd4a1ebc46818a7117faf62072b, type: 3}
--- !u!4 &5969755510692935553 stripped
Transform:
  m_CorrespondingSourceObject: {fileID: 624365042057860599, guid: 00761dd4a1ebc46818a7117faf62072b,
    type: 3}
  m_PrefabInstance: {fileID: 6517524157466387062}
  m_PrefabAsset: {fileID: 0}
--- !u!1001 &6517524157806180435
PrefabInstance:
  m_ObjectHideFlags: 0
  serializedVersion: 2
  m_Modification:
    m_TransformParent: {fileID: 6517524157342506358}
    m_Modifications:
    - target: {fileID: 279751071406460749, guid: 00761dd4a1ebc46818a7117faf62072b,
        type: 3}
      propertyPath: m_Name
      value: Fence01 (2)
      objectReference: {fileID: 0}
    - target: {fileID: 279751071406460749, guid: 00761dd4a1ebc46818a7117faf62072b,
        type: 3}
      propertyPath: m_IsActive
      value: 0
      objectReference: {fileID: 0}
    - target: {fileID: 624365042057860599, guid: 00761dd4a1ebc46818a7117faf62072b,
        type: 3}
      propertyPath: m_RootOrder
      value: 1
      objectReference: {fileID: 0}
    - target: {fileID: 624365042057860599, guid: 00761dd4a1ebc46818a7117faf62072b,
        type: 3}
      propertyPath: m_LocalPosition.x
      value: 3.16
      objectReference: {fileID: 0}
    - target: {fileID: 624365042057860599, guid: 00761dd4a1ebc46818a7117faf62072b,
        type: 3}
      propertyPath: m_LocalPosition.y
      value: 0.27
      objectReference: {fileID: 0}
    - target: {fileID: 624365042057860599, guid: 00761dd4a1ebc46818a7117faf62072b,
        type: 3}
      propertyPath: m_LocalPosition.z
      value: 1.89
      objectReference: {fileID: 0}
    - target: {fileID: 624365042057860599, guid: 00761dd4a1ebc46818a7117faf62072b,
        type: 3}
      propertyPath: m_LocalRotation.w
      value: -0.7071069
      objectReference: {fileID: 0}
    - target: {fileID: 624365042057860599, guid: 00761dd4a1ebc46818a7117faf62072b,
        type: 3}
      propertyPath: m_LocalRotation.x
      value: -0
      objectReference: {fileID: 0}
    - target: {fileID: 624365042057860599, guid: 00761dd4a1ebc46818a7117faf62072b,
        type: 3}
      propertyPath: m_LocalRotation.y
      value: -0.7071067
      objectReference: {fileID: 0}
    - target: {fileID: 624365042057860599, guid: 00761dd4a1ebc46818a7117faf62072b,
        type: 3}
      propertyPath: m_LocalRotation.z
      value: -0
      objectReference: {fileID: 0}
    - target: {fileID: 624365042057860599, guid: 00761dd4a1ebc46818a7117faf62072b,
        type: 3}
      propertyPath: m_LocalEulerAnglesHint.x
      value: 0
      objectReference: {fileID: 0}
    - target: {fileID: 624365042057860599, guid: 00761dd4a1ebc46818a7117faf62072b,
        type: 3}
      propertyPath: m_LocalEulerAnglesHint.y
      value: 450
      objectReference: {fileID: 0}
    - target: {fileID: 624365042057860599, guid: 00761dd4a1ebc46818a7117faf62072b,
        type: 3}
      propertyPath: m_LocalEulerAnglesHint.z
      value: 0
      objectReference: {fileID: 0}
    - target: {fileID: 5172425862708197050, guid: 00761dd4a1ebc46818a7117faf62072b,
        type: 3}
      propertyPath: m_Carve
      value: 0
      objectReference: {fileID: 0}
    - target: {fileID: 5172425862708197050, guid: 00761dd4a1ebc46818a7117faf62072b,
        type: 3}
      propertyPath: m_Enabled
      value: 0
      objectReference: {fileID: 0}
    m_RemovedComponents:
    - {fileID: 5172425862708197050, guid: 00761dd4a1ebc46818a7117faf62072b, type: 3}
  m_SourcePrefab: {fileID: 100100000, guid: 00761dd4a1ebc46818a7117faf62072b, type: 3}
--- !u!4 &5969755511436324260 stripped
Transform:
  m_CorrespondingSourceObject: {fileID: 624365042057860599, guid: 00761dd4a1ebc46818a7117faf62072b,
    type: 3}
  m_PrefabInstance: {fileID: 6517524157806180435}
  m_PrefabAsset: {fileID: 0}
--- !u!1 &6454508938882184990 stripped
GameObject:
  m_CorrespondingSourceObject: {fileID: 279751071406460749, guid: 00761dd4a1ebc46818a7117faf62072b,
    type: 3}
  m_PrefabInstance: {fileID: 6517524157806180435}
  m_PrefabAsset: {fileID: 0}
--- !u!1001 &6517524157953549728
PrefabInstance:
  m_ObjectHideFlags: 0
  serializedVersion: 2
  m_Modification:
    m_TransformParent: {fileID: 6517524157342506358}
    m_Modifications:
    - target: {fileID: 279751071406460749, guid: 00761dd4a1ebc46818a7117faf62072b,
        type: 3}
      propertyPath: m_Name
      value: Fence01 (5)
      objectReference: {fileID: 0}
    - target: {fileID: 624365042057860599, guid: 00761dd4a1ebc46818a7117faf62072b,
        type: 3}
      propertyPath: m_RootOrder
      value: 2
      objectReference: {fileID: 0}
    - target: {fileID: 624365042057860599, guid: 00761dd4a1ebc46818a7117faf62072b,
        type: 3}
      propertyPath: m_LocalPosition.x
      value: -0.8600012
      objectReference: {fileID: 0}
    - target: {fileID: 624365042057860599, guid: 00761dd4a1ebc46818a7117faf62072b,
        type: 3}
      propertyPath: m_LocalPosition.y
      value: 0.27
      objectReference: {fileID: 0}
    - target: {fileID: 624365042057860599, guid: 00761dd4a1ebc46818a7117faf62072b,
        type: 3}
      propertyPath: m_LocalPosition.z
      value: 10.96
      objectReference: {fileID: 0}
    - target: {fileID: 624365042057860599, guid: 00761dd4a1ebc46818a7117faf62072b,
        type: 3}
      propertyPath: m_LocalRotation.w
      value: -0.70710707
      objectReference: {fileID: 0}
    - target: {fileID: 624365042057860599, guid: 00761dd4a1ebc46818a7117faf62072b,
        type: 3}
      propertyPath: m_LocalRotation.x
      value: -0
      objectReference: {fileID: 0}
    - target: {fileID: 624365042057860599, guid: 00761dd4a1ebc46818a7117faf62072b,
        type: 3}
      propertyPath: m_LocalRotation.y
      value: 0.7071066
      objectReference: {fileID: 0}
    - target: {fileID: 624365042057860599, guid: 00761dd4a1ebc46818a7117faf62072b,
        type: 3}
      propertyPath: m_LocalRotation.z
      value: -0
      objectReference: {fileID: 0}
    - target: {fileID: 624365042057860599, guid: 00761dd4a1ebc46818a7117faf62072b,
        type: 3}
      propertyPath: m_LocalEulerAnglesHint.x
      value: 0
      objectReference: {fileID: 0}
    - target: {fileID: 624365042057860599, guid: 00761dd4a1ebc46818a7117faf62072b,
        type: 3}
      propertyPath: m_LocalEulerAnglesHint.y
      value: 270
      objectReference: {fileID: 0}
    - target: {fileID: 624365042057860599, guid: 00761dd4a1ebc46818a7117faf62072b,
        type: 3}
      propertyPath: m_LocalEulerAnglesHint.z
      value: 0
      objectReference: {fileID: 0}
    - target: {fileID: 5172425862708197050, guid: 00761dd4a1ebc46818a7117faf62072b,
        type: 3}
      propertyPath: m_Carve
      value: 0
      objectReference: {fileID: 0}
    - target: {fileID: 5172425862708197050, guid: 00761dd4a1ebc46818a7117faf62072b,
        type: 3}
      propertyPath: m_Enabled
      value: 0
      objectReference: {fileID: 0}
    m_RemovedComponents:
    - {fileID: 5172425862708197050, guid: 00761dd4a1ebc46818a7117faf62072b, type: 3}
  m_SourcePrefab: {fileID: 100100000, guid: 00761dd4a1ebc46818a7117faf62072b, type: 3}
--- !u!4 &5969755511315165271 stripped
Transform:
  m_CorrespondingSourceObject: {fileID: 624365042057860599, guid: 00761dd4a1ebc46818a7117faf62072b,
    type: 3}
  m_PrefabInstance: {fileID: 6517524157953549728}
  m_PrefabAsset: {fileID: 0}
--- !u!1 &6454508939012647661 stripped
GameObject:
  m_CorrespondingSourceObject: {fileID: 279751071406460749, guid: 00761dd4a1ebc46818a7117faf62072b,
    type: 3}
  m_PrefabInstance: {fileID: 6517524157953549728}
  m_PrefabAsset: {fileID: 0}
--- !u!1001 &6517524158085412321
PrefabInstance:
  m_ObjectHideFlags: 0
  serializedVersion: 2
  m_Modification:
    m_TransformParent: {fileID: 6517524157342506358}
    m_Modifications:
    - target: {fileID: 279751071406460749, guid: 00761dd4a1ebc46818a7117faf62072b,
        type: 3}
      propertyPath: m_Name
      value: Fence01 (12)
      objectReference: {fileID: 0}
    - target: {fileID: 624365042057860599, guid: 00761dd4a1ebc46818a7117faf62072b,
        type: 3}
      propertyPath: m_RootOrder
      value: 7
      objectReference: {fileID: 0}
    - target: {fileID: 624365042057860599, guid: 00761dd4a1ebc46818a7117faf62072b,
        type: 3}
      propertyPath: m_LocalPosition.x
      value: 3.159029
      objectReference: {fileID: 0}
    - target: {fileID: 624365042057860599, guid: 00761dd4a1ebc46818a7117faf62072b,
        type: 3}
      propertyPath: m_LocalPosition.y
      value: 0.27
      objectReference: {fileID: 0}
    - target: {fileID: 624365042057860599, guid: 00761dd4a1ebc46818a7117faf62072b,
        type: 3}
      propertyPath: m_LocalPosition.z
      value: 10.96
      objectReference: {fileID: 0}
    - target: {fileID: 624365042057860599, guid: 00761dd4a1ebc46818a7117faf62072b,
        type: 3}
      propertyPath: m_LocalRotation.w
      value: -0.70710707
      objectReference: {fileID: 0}
    - target: {fileID: 624365042057860599, guid: 00761dd4a1ebc46818a7117faf62072b,
        type: 3}
      propertyPath: m_LocalRotation.x
      value: -0
      objectReference: {fileID: 0}
    - target: {fileID: 624365042057860599, guid: 00761dd4a1ebc46818a7117faf62072b,
        type: 3}
      propertyPath: m_LocalRotation.y
      value: 0.7071066
      objectReference: {fileID: 0}
    - target: {fileID: 624365042057860599, guid: 00761dd4a1ebc46818a7117faf62072b,
        type: 3}
      propertyPath: m_LocalRotation.z
      value: -0
      objectReference: {fileID: 0}
    - target: {fileID: 624365042057860599, guid: 00761dd4a1ebc46818a7117faf62072b,
        type: 3}
      propertyPath: m_LocalEulerAnglesHint.x
      value: 0
      objectReference: {fileID: 0}
    - target: {fileID: 624365042057860599, guid: 00761dd4a1ebc46818a7117faf62072b,
        type: 3}
      propertyPath: m_LocalEulerAnglesHint.y
      value: 270
      objectReference: {fileID: 0}
    - target: {fileID: 624365042057860599, guid: 00761dd4a1ebc46818a7117faf62072b,
        type: 3}
      propertyPath: m_LocalEulerAnglesHint.z
      value: 0
      objectReference: {fileID: 0}
    - target: {fileID: 5172425862708197050, guid: 00761dd4a1ebc46818a7117faf62072b,
        type: 3}
      propertyPath: m_Carve
      value: 0
      objectReference: {fileID: 0}
    - target: {fileID: 5172425862708197050, guid: 00761dd4a1ebc46818a7117faf62072b,
        type: 3}
      propertyPath: m_Enabled
      value: 0
      objectReference: {fileID: 0}
    m_RemovedComponents:
    - {fileID: 5172425862708197050, guid: 00761dd4a1ebc46818a7117faf62072b, type: 3}
  m_SourcePrefab: {fileID: 100100000, guid: 00761dd4a1ebc46818a7117faf62072b, type: 3}
--- !u!4 &5969755512251801622 stripped
Transform:
  m_CorrespondingSourceObject: {fileID: 624365042057860599, guid: 00761dd4a1ebc46818a7117faf62072b,
    type: 3}
  m_PrefabInstance: {fileID: 6517524158085412321}
  m_PrefabAsset: {fileID: 0}
--- !u!1 &6454508939139791532 stripped
GameObject:
  m_CorrespondingSourceObject: {fileID: 279751071406460749, guid: 00761dd4a1ebc46818a7117faf62072b,
    type: 3}
  m_PrefabInstance: {fileID: 6517524158085412321}
  m_PrefabAsset: {fileID: 0}
--- !u!1001 &6517524158481400334
PrefabInstance:
  m_ObjectHideFlags: 0
  serializedVersion: 2
  m_Modification:
    m_TransformParent: {fileID: 6517524157342506358}
    m_Modifications:
    - target: {fileID: 279751071406460749, guid: 00761dd4a1ebc46818a7117faf62072b,
        type: 3}
      propertyPath: m_Name
      value: Fence01 (11)
      objectReference: {fileID: 0}
    - target: {fileID: 279751071406460749, guid: 00761dd4a1ebc46818a7117faf62072b,
        type: 3}
      propertyPath: m_IsActive
      value: 0
      objectReference: {fileID: 0}
    - target: {fileID: 624365042057860599, guid: 00761dd4a1ebc46818a7117faf62072b,
        type: 3}
      propertyPath: m_RootOrder
      value: 6
      objectReference: {fileID: 0}
    - target: {fileID: 624365042057860599, guid: 00761dd4a1ebc46818a7117faf62072b,
        type: 3}
      propertyPath: m_LocalPosition.x
      value: 7.349998
      objectReference: {fileID: 0}
    - target: {fileID: 624365042057860599, guid: 00761dd4a1ebc46818a7117faf62072b,
        type: 3}
      propertyPath: m_LocalPosition.y
      value: 0.27
      objectReference: {fileID: 0}
    - target: {fileID: 624365042057860599, guid: 00761dd4a1ebc46818a7117faf62072b,
        type: 3}
      propertyPath: m_LocalPosition.z
      value: 10.790965
      objectReference: {fileID: 0}
    - target: {fileID: 624365042057860599, guid: 00761dd4a1ebc46818a7117faf62072b,
        type: 3}
      propertyPath: m_LocalRotation.w
      value: -1
      objectReference: {fileID: 0}
    - target: {fileID: 624365042057860599, guid: 00761dd4a1ebc46818a7117faf62072b,
        type: 3}
      propertyPath: m_LocalRotation.x
      value: -0
      objectReference: {fileID: 0}
    - target: {fileID: 624365042057860599, guid: 00761dd4a1ebc46818a7117faf62072b,
        type: 3}
      propertyPath: m_LocalRotation.y
      value: 0.00000016391276
      objectReference: {fileID: 0}
    - target: {fileID: 624365042057860599, guid: 00761dd4a1ebc46818a7117faf62072b,
        type: 3}
      propertyPath: m_LocalRotation.z
      value: -0
      objectReference: {fileID: 0}
    - target: {fileID: 624365042057860599, guid: 00761dd4a1ebc46818a7117faf62072b,
        type: 3}
      propertyPath: m_LocalEulerAnglesHint.x
      value: 0
      objectReference: {fileID: 0}
    - target: {fileID: 624365042057860599, guid: 00761dd4a1ebc46818a7117faf62072b,
        type: 3}
      propertyPath: m_LocalEulerAnglesHint.y
      value: 360
      objectReference: {fileID: 0}
    - target: {fileID: 624365042057860599, guid: 00761dd4a1ebc46818a7117faf62072b,
        type: 3}
      propertyPath: m_LocalEulerAnglesHint.z
      value: 0
      objectReference: {fileID: 0}
    - target: {fileID: 2691845454113617894, guid: 00761dd4a1ebc46818a7117faf62072b,
        type: 3}
      propertyPath: m_Size.x
      value: 1.4478695
      objectReference: {fileID: 0}
    - target: {fileID: 2691845454113617894, guid: 00761dd4a1ebc46818a7117faf62072b,
        type: 3}
      propertyPath: m_Center.x
      value: -0.4715842
      objectReference: {fileID: 0}
    - target: {fileID: 2691845454113617894, guid: 00761dd4a1ebc46818a7117faf62072b,
        type: 3}
      propertyPath: m_Center.z
      value: -2
      objectReference: {fileID: 0}
    - target: {fileID: 5172425862708197050, guid: 00761dd4a1ebc46818a7117faf62072b,
        type: 3}
      propertyPath: m_Carve
      value: 0
      objectReference: {fileID: 0}
    - target: {fileID: 5172425862708197050, guid: 00761dd4a1ebc46818a7117faf62072b,
        type: 3}
      propertyPath: m_Enabled
      value: 0
      objectReference: {fileID: 0}
    m_RemovedComponents:
    - {fileID: 5172425862708197050, guid: 00761dd4a1ebc46818a7117faf62072b, type: 3}
  m_SourcePrefab: {fileID: 100100000, guid: 00761dd4a1ebc46818a7117faf62072b, type: 3}
--- !u!1 &6454508939558522179 stripped
GameObject:
  m_CorrespondingSourceObject: {fileID: 279751071406460749, guid: 00761dd4a1ebc46818a7117faf62072b,
    type: 3}
  m_PrefabInstance: {fileID: 6517524158481400334}
  m_PrefabAsset: {fileID: 0}
--- !u!4 &5969755511842166777 stripped
Transform:
  m_CorrespondingSourceObject: {fileID: 624365042057860599, guid: 00761dd4a1ebc46818a7117faf62072b,
    type: 3}
  m_PrefabInstance: {fileID: 6517524158481400334}
  m_PrefabAsset: {fileID: 0}
